<?xml version="1.0" encoding="UTF-8"?>
<!DOCTYPE html PUBLIC "-//W3C//DTD XHTML 1.0 Transitional//EN"
    "http://www.w3.org/TR/xhtml1/DTD/xhtml1-transitional.dtd">
<html xmlns="http://www.w3.org/1999/xhtml" xml:lang="en" lang="en">
 <head>
  <title>
</title>
<meta http-equiv="Content-Type" content="text/html;charset=utf-8" />
  <meta name='ocr-system' content='tesseract 3.04.00' />
  <meta name='ocr-capabilities' content='ocr_page ocr_carea ocr_par ocr_line ocrx_word'/>
</head>
<body>
  <div class='ocr_page' id='page_1' title='image "./deprecationumro00appegoog_0028.png"; bbox 0 0 3120 4920; ppageno 0'>
   <div class='ocr_carea' id='block_1_1' title="bbox 553 277 1370 348">
    <p class='ocr_par' dir='ltr' id='par_1_1' title="bbox 553 277 1370 348">
     <span class='ocr_line' id='line_1_1' title="bbox 553 277 1370 348; baseline 0.017 -15"><span class='ocrx_word' id='word_1_1' title='bbox 553 280 594 334; x_wconf 91' lang='lat' dir='ltr'><strong>De</strong></span> <span class='ocrx_word' id='word_1_2' title='bbox 611 279 793 334; x_wconf 86' lang='lat' dir='ltr'><strong>Romanorum</strong></span> <span class='ocrx_word' id='word_1_3' title='bbox 814 277 1013 348; x_wconf 77' lang='lat' dir='ltr'><strong>precationibus</strong></span> <span class='ocrx_word' id='word_1_4' title='bbox 1329 281 1370 347; x_wconf 33' lang='lat'><strong>7¹1</strong></span> 
     </span>
    </p>
   </div>
   <div class='ocr_carea' id='block_1_2' title="bbox 187 448 1374 534">
    <p class='ocr_par' dir='ltr' id='par_1_2' title="bbox 187 448 1374 534">
     <span class='ocr_line' id='line_1_2' title="bbox 187 448 1374 534; baseline 0.001 -19"><span class='ocrx_word' id='word_1_5' title='bbox 187 451 329 534; x_wconf 74' lang='lat' dir='ltr'><strong>passuri,</strong></span> <span class='ocrx_word' id='word_1_6' title='bbox 354 450 499 534; x_wconf 80' lang='lat' dir='ltr'><strong>adloqui,</strong></span> <span class='ocrx_word' id='word_1_7' title='bbox 527 468 626 533; x_wconf 83' lang='lat' dir='ltr'><strong>crure,</strong></span> <span class='ocrx_word' id='word_1_8' title='bbox 658 448 800 533; x_wconf 77' lang='lat' dir='ltr'><strong>adorare,</strong></span> <span class='ocrx_word' id='word_1_9' title='bbox 830 469 968 532; x_wconf 81' lang='lat' dir='ltr'><strong>caorcre,</strong></span> <span class='ocrx_word' id='word_1_10' title='bbox 997 450 1163 534; x_wconf 80' lang='lat' dir='ltr'><strong>appellare,</strong></span> <span class='ocrx_word' id='word_1_11' title='bbox 1192 451 1374 532; x_wconf 77' lang='lat' dir='ltr'><em>compellare</em></span> 
     </span>
    </p>
   </div>
   <div class='ocr_carea' id='block_1_3' title="bbox 187 551 1374 3822">
    <p class='ocr_par' dir='ltr' id='par_1_3' title="bbox 188 551 1374 3615">
     <span class='ocr_line' id='line_1_3' title="bbox 190 551 1374 639; baseline 0.001 -18"><span class='ocrx_word' id='word_1_12' title='bbox 190 553 383 638; x_wconf 87' lang='lat' dir='ltr'><strong>significare</strong></span> <span class='ocrx_word' id='word_1_13' title='bbox 397 553 555 622; x_wconf 89' lang='lat' dir='ltr'><strong>videntur</strong></span> <span class='ocrx_word' id='word_1_14' title='bbox 569 551 795 619; x_wconf 79' lang='lat' dir='ltr'><strong>invocationes</strong></span> <span class='ocrx_word' id='word_1_15' title='bbox 809 552 942 639; x_wconf 86' lang='lat' dir='ltr'><strong>vulgari</strong></span> <span class='ocrx_word' id='word_1_16' title='bbox 957 571 998 619; x_wconf 87' lang='lat' dir='ltr'><strong>ac</strong></span> <span class='ocrx_word' id='word_1_17' title='bbox 1012 552 1197 619; x_wconf 89' lang='lat' dir='ltr'><strong>cottidiana</strong></span> <span class='ocrx_word' id='word_1_18' title='bbox 1218 553 1374 635; x_wconf 85' lang='lat' dir='ltr'><strong>loquendi</strong></span> 
     </span>
     <span class='ocr_line' id='line_1_4' title="bbox 189 654 1372 741; baseline -0.003 -17"><span class='ocrx_word' id='word_1_19' title='bbox 189 659 323 724; x_wconf 88' lang='lat' dir='ltr'><strong>ratione</strong></span> <span class='ocrx_word' id='word_1_20' title='bbox 364 659 407 723; x_wconf 91' lang='lat' dir='ltr'><strong>ad</strong></span> <span class='ocrx_word' id='word_1_21' title='bbox 445 658 522 722; x_wconf 91' lang='lat' dir='ltr'><strong>deos</strong></span> <span class='ocrx_word' id='word_1_22' title='bbox 555 654 680 722; x_wconf 90' lang='lat' dir='ltr'><strong>missas.</strong></span> <span class='ocrx_word' id='word_1_23' title='bbox 740 655 891 736; x_wconf 87' lang='lat' dir='ltr'><strong>Denique</strong></span> <span class='ocrx_word' id='word_1_24' title='bbox 917 674 966 722; x_wconf 84' lang='lat' dir='ltr'><strong>ex</strong></span> <span class='ocrx_word' id='word_1_25' title='bbox 998 655 1168 722; x_wconf 90' lang='lat' dir='ltr'><strong>vocabulis</strong></span> <span class='ocrx_word' id='word_1_26' title='bbox 1200 662 1372 741; x_wconf 77' lang='lat' dir='ltr'><strong>excantare,</strong></span> 
     </span>
     <span class='ocr_line' id='line_1_5' title="bbox 189 756 1372 842; baseline 0.003 -19"><span class='ocrx_word' id='word_1_27' title='bbox 189 780 318 825; x_wconf 78' lang='lat' dir='ltr'><strong>carmen</strong></span> <span class='ocrx_word' id='word_1_28' title='bbox 338 759 546 842; x_wconf 80' lang='lat' dir='ltr'><strong>cognoscitur</strong></span> <span class='ocrx_word' id='word_1_29' title='bbox 568 757 626 841; x_wconf 91' lang='lat' dir='ltr'><strong>agi</strong></span> <span class='ocrx_word' id='word_1_30' title='bbox 646 760 686 824; x_wconf 94' lang='lat' dir='ltr'><strong>de</strong></span> <span class='ocrx_word' id='word_1_31' title='bbox 713 756 961 839; x_wconf 90' lang='lat' dir='ltr'><strong>precationibus</strong></span> <span class='ocrx_word' id='word_1_32' title='bbox 983 763 1075 825; x_wconf 85' lang='lat' dir='ltr'><strong>certa</strong></span> <span class='ocrx_word' id='word_1_33' title='bbox 1097 759 1240 840; x_wconf 89' lang='lat' dir='ltr'><strong>quadam</strong></span> <span class='ocrx_word' id='word_1_34' title='bbox 1261 777 1372 826; x_wconf 87' lang='lat' dir='ltr'><strong>nume·</strong></span> 
     </span>
     <span class='ocr_line' id='line_1_6' title="bbox 192 860 1372 942; baseline 0.001 -13"><span class='ocrx_word' id='word_1_35' title='bbox 192 881 302 929; x_wconf 91' lang='lat' dir='ltr'><strong>rorum</strong></span> <span class='ocrx_word' id='word_1_36' title='bbox 335 861 558 928; x_wconf 76' lang='lat' dir='ltr'><strong>moderatione</strong></span> <span class='ocrx_word' id='word_1_37' title='bbox 590 860 670 926; x_wconf 91' lang='lat' dir='ltr'><strong>licet</strong></span> <span class='ocrx_word' id='word_1_38' title='bbox 701 860 880 931; x_wconf 89' lang='lat' dir='ltr'><strong>rudissima</strong></span> <span class='ocrx_word' id='word_1_39' title='bbox 916 860 1073 927; x_wconf 90' lang='lat' dir='ltr'><strong>astrictis.</strong></span> <span class='ocrx_word' id='word_1_40' title='bbox 1131 862 1242 942; x_wconf 84' lang='lat' dir='ltr'><strong>Atque</strong></span> <span class='ocrx_word' id='word_1_41' title='bbox 1271 861 1372 930; x_wconf 89' lang='lat' dir='ltr'><strong>etiam</strong></span> 
     </span>
     <span class='ocr_line' id='line_1_7' title="bbox 189 963 1372 1046; baseline -0.001 -14"><span class='ocrx_word' id='word_1_42' title='bbox 189 965 351 1032; x_wconf 89' lang='lat' dir='ltr'><strong>nonnulla</strong></span> <span class='ocrx_word' id='word_1_43' title='bbox 370 964 556 1031; x_wconf 87' lang='lat' dir='ltr'><strong>invenimus</strong></span> <span class='ocrx_word' id='word_1_44' title='bbox 577 965 691 1045; x_wconf 89' lang='lat' dir='ltr'><strong>verba,</strong></span> <span class='ocrx_word' id='word_1_45' title='bbox 718 982 804 1044; x_wconf 91' lang='lat' dir='ltr'><strong>quae</strong></span> <span class='ocrx_word' id='word_1_46' title='bbox 825 963 995 1045; x_wconf 82' lang='lat' dir='ltr'><strong>pertinent</strong></span> <span class='ocrx_word' id='word_1_47' title='bbox 1017 965 1061 1029; x_wconf 89' lang='lat' dir='ltr'><strong>ad</strong></span> <span class='ocrx_word' id='word_1_48' title='bbox 1090 964 1248 1046; x_wconf 89' lang='lat' dir='ltr'><strong>precandi</strong></span> <span class='ocrx_word' id='word_1_49' title='bbox 1270 965 1372 1031; x_wconf 91' lang='lat' dir='ltr'><strong>ritum</strong></span> 
     </span>
     <span class='ocr_line' id='line_1_8' title="bbox 190 1066 1372 1152; baseline -0.002 -18"><span class='ocrx_word' id='word_1_50' title='bbox 190 1087 233 1134; x_wconf 92' lang='lat' dir='ltr'><strong>ac</strong></span> <span class='ocrx_word' id='word_1_51' title='bbox 244 1072 383 1152; x_wconf 85' lang='lat' dir='ltr'><strong>gastum,</strong></span> <span class='ocrx_word' id='word_1_52' title='bbox 403 1067 475 1133; x_wconf 88' lang='lat' dir='ltr'><strong>dico</strong></span> <span class='ocrx_word' id='word_1_53' title='bbox 490 1067 610 1135; x_wconf 85' lang='lat' dir='ltr'><strong>verba:</strong></span> <span class='ocrx_word' id='word_1_54' title='bbox 628 1066 805 1148; x_wconf 80' lang='lat' dir='ltr'><strong>implorare,</strong></span> <span class='ocrx_word' id='word_1_55' title='bbox 816 1066 1000 1150; x_wconf 80' lang='lat' dir='ltr'><strong>supplicare,</strong></span> <span class='ocrx_word' id='word_1_56' title='bbox 1015 1069 1165 1150; x_wconf 70' lang='lat' dir='ltr'><strong>conmori,</strong></span> <span class='ocrx_word' id='word_1_57' title='bbox 1180 1067 1372 1151; x_wconf 61' lang='lat' dir='ltr'><strong>wasnaum,</strong></span> 
     </span>
     <span class='ocr_line' id='line_1_9' title="bbox 188 1168 1372 1252; baseline 0.003 -18"><span class='ocrx_word' id='word_1_58' title='bbox 188 1170 381 1249; x_wconf 59' lang='lat' dir='ltr'><strong>demereri.</strong></span> <span class='ocrx_word' id='word_1_59' title='bbox 424 1170 508 1235; x_wconf 92' lang='lat' dir='ltr'><strong>Nam</strong></span> <span class='ocrx_word' id='word_1_60' title='bbox 527 1170 570 1235; x_wconf 92' lang='lat' dir='ltr'><strong>ad</strong></span> <span class='ocrx_word' id='word_1_61' title='bbox 591 1169 795 1252; x_wconf 80' lang='lat' dir='ltr'><strong>precantium</strong></span> <span class='ocrx_word' id='word_1_62' title='bbox 817 1187 939 1235; x_wconf 90' lang='lat' dir='ltr'><strong>morem</strong></span> <span class='ocrx_word' id='word_1_63' title='bbox 960 1171 1093 1236; x_wconf 91' lang='lat' dir='ltr'><strong>deorum</strong></span> <span class='ocrx_word' id='word_1_64' title='bbox 1116 1168 1372 1238; x_wconf 89' lang='lat' dir='ltr'><strong>misericordiam</strong></span> 
     </span>
     <span class='ocr_line' id='line_1_10' title="bbox 189 1270 1371 1356; baseline -0.001 -17"><span class='ocrx_word' id='word_1_65' title='bbox 189 1273 338 1339; x_wconf 81' lang='lat' dir='ltr'><strong>lacrimis</strong></span> <span class='ocrx_word' id='word_1_66' title='bbox 361 1271 548 1339; x_wconf 89' lang='lat' dir='ltr'><strong>concitandi</strong></span> <span class='ocrx_word' id='word_1_67' title='bbox 576 1271 710 1339; x_wconf 88' lang='lat' dir='ltr'><strong>videtur</strong></span> <span class='ocrx_word' id='word_1_68' title='bbox 730 1270 938 1338; x_wconf 86' lang='lat' dir='ltr'><strong>referendum</strong></span> <span class='ocrx_word' id='word_1_69' title='bbox 964 1290 1036 1338; x_wconf 88' lang='lat' dir='ltr'><strong>esse</strong></span> <span class='ocrx_word' id='word_1_70' title='bbox 1064 1272 1203 1354; x_wconf 79' lang='lat' dir='ltr'><strong>uerbum</strong></span> <span class='ocrx_word' id='word_1_71' title='bbox 1231 1274 1371 1356; x_wconf 56' lang='lat' dir='ltr'><strong>plorare</strong></span> 
     </span>
     <span class='ocr_line' id='line_1_11' title="bbox 192 1374 1372 1453; baseline 0.002 -13"><span class='ocrx_word' id='word_1_72' title='bbox 192 1377 336 1440; x_wconf 71' lang='lat' dir='ltr'><strong>amari</strong></span> <span class='ocrx_word' id='word_1_73' title='bbox 375 1380 484 1442; x_wconf 91' lang='lat' dir='ltr'><strong>antem</strong></span> <span class='ocrx_word' id='word_1_74' title='bbox 529 1374 688 1442; x_wconf 84' lang='lat' dir='ltr'><strong>vocabulo</strong></span> <span class='ocrx_word' id='word_1_75' title='bbox 725 1376 936 1453; x_wconf 83' lang='lat' dir='ltr'><strong>admonemur</strong></span> <span class='ocrx_word' id='word_1_76' title='bbox 975 1376 1016 1441; x_wconf 88' lang='lat' dir='ltr'><strong>da</strong></span> <span class='ocrx_word' id='word_1_77' title='bbox 1053 1375 1261 1442; x_wconf 90' lang='lat' dir='ltr'><strong>adorantium</strong></span> <span class='ocrx_word' id='word_1_78' title='bbox 1296 1393 1372 1442; x_wconf 91' lang='lat' dir='ltr'><strong>con·</strong></span> 
     </span>
     <span class='ocr_line' id='line_1_12' title="bbox 191 1465 1372 1560; baseline 0.003 -16"><span class='ocrx_word' id='word_1_79' title='bbox 191 1477 386 1555; x_wconf 84' lang='lat' dir='ltr'><strong>suetudine,</strong></span> <span class='ocrx_word' id='word_1_80' title='bbox 420 1496 518 1558; x_wconf 91' lang='lat' dir='ltr'><strong>quam</strong></span> <span class='ocrx_word' id='word_1_81' title='bbox 551 1477 658 1544; x_wconf 90' lang='lat' dir='ltr'><strong>secuti</strong></span> <span class='ocrx_word' id='word_1_82' title='bbox 691 1477 893 1560; x_wconf 89' lang='lat' dir='ltr'><strong>invocantes,</strong></span> <span class='ocrx_word' id='word_1_83' title='bbox 926 1495 998 1543; x_wconf 90' lang='lat' dir='ltr'><strong>cum</strong></span> <span class='ocrx_word' id='word_1_84' title='bbox 1031 1495 1188 1544; x_wconf 90' lang='lat' dir='ltr'><strong>summam</strong></span> <span class='ocrx_word' id='word_1_85' title='bbox 1216 1465 1372 1548; x_wconf 79' lang='lat' dir='ltr'><strong>simulent</strong></span> 
     </span>
     <span class='ocr_line' id='line_1_13' title="bbox 192 1579 1373 1664; baseline 0 -17"><span class='ocrx_word' id='word_1_86' title='bbox 192 1580 422 1647; x_wconf 86' lang='lat' dir='ltr'><strong>verecundiam</strong></span> <span class='ocrx_word' id='word_1_87' title='bbox 453 1598 674 1664; x_wconf 90' lang='lat' dir='ltr'><strong>amoremque,</strong></span> <span class='ocrx_word' id='word_1_88' title='bbox 708 1579 779 1646; x_wconf 90' lang='lat' dir='ltr'><strong>deis</strong></span> <span class='ocrx_word' id='word_1_89' title='bbox 815 1579 998 1646; x_wconf 83' lang='lat' dir='ltr'><strong>ambitiosis</strong></span> <span class='ocrx_word' id='word_1_90' title='bbox 1032 1580 1193 1662; x_wconf 90' lang='lat' dir='ltr'><strong>vanisque</strong></span> <span class='ocrx_word' id='word_1_91' title='bbox 1226 1580 1373 1647; x_wconf 89' lang='lat' dir='ltr'><strong>blandiri</strong></span> 
     </span>
     <span class='ocr_line' id='line_1_14' title="bbox 193 1682 1372 1767; baseline 0.001 -18"><span class='ocrx_word' id='word_1_92' title='bbox 193 1688 371 1765; x_wconf 82' lang='lat' dir='ltr'><strong>conantur3</strong></span> <span class='ocrx_word' id='word_1_93' title='bbox 393 1683 650 1766; x_wconf 73' lang='lat' dir='ltr'><strong>supplicaretur</strong></span> <span class='ocrx_word' id='word_1_94' title='bbox 666 1688 798 1765; x_wconf 89' lang='lat' dir='ltr'><strong>spectat</strong></span> <span class='ocrx_word' id='word_1_95' title='bbox 813 1685 856 1749; x_wconf 94' lang='lat' dir='ltr'><strong>ad</strong></span> <span class='ocrx_word' id='word_1_96' title='bbox 871 1683 962 1749; x_wconf 89' lang='lat' dir='ltr'><strong>illam</strong></span> <span class='ocrx_word' id='word_1_97' title='bbox 978 1682 1172 1767; x_wconf 91' lang='lat' dir='ltr'><strong>opinionem,</strong></span> <span class='ocrx_word' id='word_1_98' title='bbox 1188 1702 1254 1765; x_wconf 91' lang='lat' dir='ltr'><strong>qua</strong></span> <span class='ocrx_word' id='word_1_99' title='bbox 1269 1686 1372 1751; x_wconf 91' lang='lat' dir='ltr'><strong>addu·</strong></span> 
     </span>
     <span class='ocr_line' id='line_1_15' title="bbox 190 1786 1372 1870; baseline 0 -18"><span class='ocrx_word' id='word_1_100' title='bbox 190 1790 312 1852; x_wconf 90' lang='lat' dir='ltr'><strong>cantur</strong></span> <span class='ocrx_word' id='word_1_101' title='bbox 333 1794 516 1868; x_wconf 85' lang='lat' dir='ltr'><strong>precantes,</strong></span> <span class='ocrx_word' id='word_1_102' title='bbox 543 1791 581 1852; x_wconf 93' lang='lat' dir='ltr'><strong>ut</strong></span> <span class='ocrx_word' id='word_1_103' title='bbox 604 1788 742 1852; x_wconf 89' lang='lat' dir='ltr'><strong>credant</strong></span> <span class='ocrx_word' id='word_1_104' title='bbox 764 1788 896 1852; x_wconf 91' lang='lat' dir='ltr'><strong>deorum</strong></span> <span class='ocrx_word' id='word_1_105' title='bbox 919 1786 1050 1854; x_wconf 87' lang='lat' dir='ltr'><strong>veniam</strong></span> <span class='ocrx_word' id='word_1_106' title='bbox 1073 1804 1250 1870; x_wconf 89' lang='lat' dir='ltr'><strong>pacemque</strong></span> <span class='ocrx_word' id='word_1_107' title='bbox 1272 1786 1372 1853; x_wconf 84' lang='lat' dir='ltr'><strong>facila</strong></span> 
     </span>
     <span class='ocr_line' id='line_1_16' title="bbox 190 1888 1373 1972; baseline 0 -16"><span class='ocrx_word' id='word_1_108' title='bbox 190 1907 265 1956; x_wconf 90' lang='lat' dir='ltr'><strong>sese</strong></span> <span class='ocrx_word' id='word_1_109' title='bbox 286 1907 381 1972; x_wconf 90' lang='lat' dir='ltr'><strong>posse</strong></span> <span class='ocrx_word' id='word_1_110' title='bbox 404 1907 547 1971; x_wconf 82' lang='lat' dir='ltr'><strong>exorare,</strong></span> <span class='ocrx_word' id='word_1_111' title='bbox 574 1889 604 1954; x_wconf 88' lang='lat' dir='ltr'><strong>si</strong></span> <span class='ocrx_word' id='word_1_112' title='bbox 625 1888 765 1971; x_wconf 85' lang='lat' dir='ltr'><strong>genibus</strong></span> <span class='ocrx_word' id='word_1_113' title='bbox 786 1888 855 1955; x_wconf 82' lang='lat' dir='ltr'><strong>nixi</strong></span> <span class='ocrx_word' id='word_1_114' title='bbox 877 1888 1089 1972; x_wconf 84' lang='lat' dir='ltr'><strong>humilesque,</strong></span> <span class='ocrx_word' id='word_1_115' title='bbox 1119 1895 1158 1955; x_wconf 93' lang='lat' dir='ltr'><strong>ut</strong></span> <span class='ocrx_word' id='word_1_116' title='bbox 1187 1889 1270 1959; x_wconf 87' lang='lat' dir='ltr'><strong>victi</strong></span> <span class='ocrx_word' id='word_1_117' title='bbox 1291 1893 1373 1956; x_wconf 89' lang='lat' dir='ltr'><strong>ante</strong></span> 
     </span>
     <span class='ocr_line' id='line_1_17' title="bbox 188 1991 1371 2075; baseline -0.002 -15"><span class='ocrx_word' id='word_1_118' title='bbox 188 1992 348 2063; x_wconf 80' lang='lat' dir='ltr'><strong>uictorem</strong></span> <span class='ocrx_word' id='word_1_119' title='bbox 379 1991 501 2058; x_wconf 89' lang='lat' dir='ltr'><strong>iratum</strong></span> <span class='ocrx_word' id='word_1_120' title='bbox 537 1992 659 2074; x_wconf 87' lang='lat' dir='ltr'><strong>solent,</strong></span> <span class='ocrx_word' id='word_1_121' title='bbox 692 1993 770 2058; x_wconf 91' lang='lat' dir='ltr'><strong>deos</strong></span> <span class='ocrx_word' id='word_1_122' title='bbox 799 1991 952 2075; x_wconf 90' lang='lat' dir='ltr'><strong>precibus</strong></span> <span class='ocrx_word' id='word_1_123' title='bbox 983 1995 1106 2059; x_wconf 91' lang='lat' dir='ltr'><strong>adeant</strong></span> <span class='ocrx_word' id='word_1_124' title='bbox 1117 1992 1138 2057; x_wconf 87' lang='lat'><strong>¹.</strong></span> <span class='ocrx_word' id='word_1_125' title='bbox 1189 1993 1371 2059; x_wconf 88' lang='lat' dir='ltr'><strong>Praeterea</strong></span> 
     </span>
     <span class='ocr_line' id='line_1_18' title="bbox 190 2094 1371 2178; baseline -0.001 -16"><span class='ocrx_word' id='word_1_126' title='bbox 190 2095 287 2162; x_wconf 88' lang='lat' dir='ltr'><strong>nobis</strong></span> <span class='ocrx_word' id='word_1_127' title='bbox 315 2101 491 2162; x_wconf 91' lang='lat' dir='ltr'><strong>occurrunt</strong></span> <span class='ocrx_word' id='word_1_128' title='bbox 520 2095 679 2161; x_wconf 87' lang='lat' dir='ltr'><strong>nonnulla</strong></span> <span class='ocrx_word' id='word_1_129' title='bbox 704 2095 866 2162; x_wconf 88' lang='lat' dir='ltr'><strong>vocabula</strong></span> <span class='ocrx_word' id='word_1_130' title='bbox 892 2094 1070 2178; x_wconf 84' lang='lat' dir='ltr'><strong>notabilia,</strong></span> <span class='ocrx_word' id='word_1_131' title='bbox 1100 2113 1182 2176; x_wconf 86' lang='lat' dir='ltr'><strong>quas</strong></span> <span class='ocrx_word' id='word_1_132' title='bbox 1210 2094 1271 2160; x_wconf 90' lang='lat' dir='ltr'><strong>hoc</strong></span> <span class='ocrx_word' id='word_1_133' title='bbox 1300 2094 1371 2177; x_wconf 92' lang='lat' dir='ltr'><strong>loco</strong></span> 
     </span>
     <span class='ocr_line' id='line_1_19' title="bbox 192 2197 1371 2279; baseline 0 -15"><span class='ocrx_word' id='word_1_134' title='bbox 192 2217 341 2265; x_wconf 89' lang='lat' dir='ltr'><strong>censeam</strong></span> <span class='ocrx_word' id='word_1_135' title='bbox 365 2216 437 2265; x_wconf 89' lang='lat' dir='ltr'><strong>esse</strong></span> <span class='ocrx_word' id='word_1_136' title='bbox 459 2215 605 2264; x_wconf 90' lang='lat' dir='ltr'><strong>seorsum</strong></span> <span class='ocrx_word' id='word_1_137' title='bbox 625 2199 808 2264; x_wconf 90' lang='lat' dir='ltr'><strong>tractanda.</strong></span> <span class='ocrx_word' id='word_1_138' title='bbox 852 2199 903 2264; x_wconf 92' lang='lat' dir='ltr'><strong>Ac</strong></span> <span class='ocrx_word' id='word_1_139' title='bbox 917 2197 1057 2279; x_wconf 91' lang='lat' dir='ltr'><strong>primum</strong></span> <span class='ocrx_word' id='word_1_140' title='bbox 1079 2197 1208 2279; x_wconf 91' lang='lat' dir='ltr'><strong>quidem</strong></span> <span class='ocrx_word' id='word_1_141' title='bbox 1223 2216 1371 2264; x_wconf 91' lang='lat' dir='ltr'><strong>moneam</strong></span> 
     </span>
     <span class='ocr_line' id='line_1_20' title="bbox 190 2299 1371 2384; baseline 0 -17"><span class='ocrx_word' id='word_1_142' title='bbox 190 2303 233 2368; x_wconf 91' lang='lat' dir='ltr'><strong>de</strong></span> <span class='ocrx_word' id='word_1_143' title='bbox 255 2302 357 2369; x_wconf 86' lang='lat' dir='ltr'><strong>verbo</strong></span> <span class='ocrx_word' id='word_1_144' title='bbox 376 2320 511 2384; x_wconf 75' lang='lat' dir='ltr'><strong>exposco,</strong></span> <span class='ocrx_word' id='word_1_145' title='bbox 530 2319 549 2366; x_wconf 95' lang='lat' dir='ltr'><strong>e</strong></span> <span class='ocrx_word' id='word_1_146' title='bbox 568 2318 631 2382; x_wconf 91' lang='lat' dir='ltr'><strong>quo</strong></span> <span class='ocrx_word' id='word_1_147' title='bbox 646 2300 755 2382; x_wconf 91' lang='lat' dir='ltr'><strong>opinio</strong></span> <span class='ocrx_word' id='word_1_148' title='bbox 776 2299 884 2366; x_wconf 91' lang='lat' dir='ltr'><strong>elucet</strong></span> <span class='ocrx_word' id='word_1_149' title='bbox 906 2302 983 2366; x_wconf 90' lang='lat' dir='ltr'><strong>deos</strong></span> <span class='ocrx_word' id='word_1_150' title='bbox 998 2299 1163 2367; x_wconf 91' lang='lat' dir='ltr'><strong>hominum</strong></span> <span class='ocrx_word' id='word_1_151' title='bbox 1185 2301 1371 2367; x_wconf 88' lang='lat' dir='ltr'><strong>mortalium</strong></span> 
     </span>
     <span class='ocr_line' id='line_1_21' title="bbox 192 2403 1371 2488; baseline 0 -18"><span class='ocrx_word' id='word_1_152' title='bbox 192 2403 413 2487; x_wconf 86' lang='lat' dir='ltr'><strong>postulatione</strong></span> <span class='ocrx_word' id='word_1_153' title='bbox 435 2403 508 2487; x_wconf 85' lang='lat' dir='ltr'><strong>cogi</strong></span> <span class='ocrx_word' id='word_1_154' title='bbox 529 2422 633 2486; x_wconf 89' lang='lat' dir='ltr'><strong>posse,</strong></span> <span class='ocrx_word' id='word_1_155' title='bbox 654 2409 694 2469; x_wconf 89' lang='lat' dir='ltr'><strong>ut</strong></span> <span class='ocrx_word' id='word_1_156' title='bbox 715 2408 907 2485; x_wconf 89' lang='lat' dir='ltr'><strong>appareant.</strong></span> <span class='ocrx_word' id='word_1_157' title='bbox 955 2404 1047 2488; x_wconf 81' lang='lat' dir='ltr'><strong>Quae</strong></span> <span class='ocrx_word' id='word_1_158' title='bbox 1069 2403 1180 2485; x_wconf 91' lang='lat' dir='ltr'><strong>opinio</strong></span> <span class='ocrx_word' id='word_1_159' title='bbox 1201 2409 1371 2485; x_wconf 86' lang='lat' dir='ltr'><strong>potestate</strong></span> 
     </span>
     <span class='ocr_line' id='line_1_22' title="bbox 191 2505 1370 2574; baseline -0.002 -1"><span class='ocrx_word' id='word_1_160' title='bbox 191 2508 271 2573; x_wconf 91' lang='lat' dir='ltr'><strong>deos</strong></span> <span class='ocrx_word' id='word_1_161' title='bbox 297 2506 440 2574; x_wconf 90' lang='lat' dir='ltr'><strong>minores</strong></span> <span class='ocrx_word' id='word_1_162' title='bbox 456 2525 529 2572; x_wconf 89' lang='lat' dir='ltr'><strong>esse</strong></span> <span class='ocrx_word' id='word_1_163' title='bbox 543 2506 738 2572; x_wconf 88' lang='lat' dir='ltr'><strong>mortalibus</strong></span> <span class='ocrx_word' id='word_1_164' title='bbox 758 2506 842 2571; x_wconf 89' lang='lat' dir='ltr'><strong>satis</strong></span> <span class='ocrx_word' id='word_1_165' title='bbox 857 2505 949 2572; x_wconf 90' lang='lat' dir='ltr'><strong>rudis</strong></span> <span class='ocrx_word' id='word_1_166' title='bbox 972 2512 1007 2572; x_wconf 90' lang='lat' dir='ltr'><strong>et</strong></span> <span class='ocrx_word' id='word_1_167' title='bbox 1022 2506 1150 2572; x_wconf 90' lang='lat' dir='ltr'><strong>inculta</strong></span> <span class='ocrx_word' id='word_1_168' title='bbox 1172 2511 1230 2572; x_wconf 89' lang='lat' dir='ltr'><strong>est.</strong></span> <span class='ocrx_word' id='word_1_169' title='bbox 1276 2506 1370 2572; x_wconf 85' lang='lat' dir='ltr'><strong>Oum-</strong></span> 
     </span>
     <span class='ocr_line' id='line_1_23' title="bbox 190 2608 1369 2691; baseline -0.001 -16"><span class='ocrx_word' id='word_1_170' title='bbox 190 2627 256 2691; x_wconf 91' lang='lat' dir='ltr'><strong>que</strong></span> <span class='ocrx_word' id='word_1_171' title='bbox 285 2611 384 2676; x_wconf 91' lang='lat' dir='ltr'><strong>rudes</strong></span> <span class='ocrx_word' id='word_1_172' title='bbox 413 2608 584 2690; x_wconf 88' lang='lat' dir='ltr'><strong>opiniones</strong></span> <span class='ocrx_word' id='word_1_173' title='bbox 620 2611 753 2675; x_wconf 90' lang='lat' dir='ltr'><strong>eaedem</strong></span> <span class='ocrx_word' id='word_1_174' title='bbox 784 2608 913 2690; x_wconf 89' lang='lat' dir='ltr'><strong>priscae</strong></span> <span class='ocrx_word' id='word_1_175' title='bbox 942 2626 1015 2674; x_wconf 89' lang='lat' dir='ltr'><strong>esse</strong></span> <span class='ocrx_word' id='word_1_176' title='bbox 1048 2608 1190 2690; x_wconf 86' lang='lat' dir='ltr'><strong>soleant,</strong></span> <span class='ocrx_word' id='word_1_177' title='bbox 1228 2627 1289 2691; x_wconf 89' lang='lat' dir='ltr'><strong>ego</strong></span> <span class='ocrx_word' id='word_1_178' title='bbox 1318 2629 1369 2674; x_wconf 81' lang='lat' dir='ltr'><strong>cc·</strong></span> 
     </span>
     <span class='ocr_line' id='line_1_24' title="bbox 189 2703 1370 2795; baseline 0.003 -19"><span class='ocrx_word' id='word_1_179' title='bbox 189 2711 337 2795; x_wconf 80' lang='lat' dir='ltr'><strong>poscendi</strong></span> <span class='ocrx_word' id='word_1_180' title='bbox 356 2712 492 2779; x_wconf 86' lang='lat' dir='ltr'><strong>verbum</strong></span> <span class='ocrx_word' id='word_1_181' title='bbox 515 2730 533 2778; x_wconf 90' lang='lat' dir='ltr'><strong>c</strong></span> <span class='ocrx_word' id='word_1_182' title='bbox 554 2716 681 2778; x_wconf 89' lang='lat' dir='ltr'><strong>remota</strong></span> <span class='ocrx_word' id='word_1_183' title='bbox 701 2711 904 2792; x_wconf 86' lang='lat' dir='ltr'><strong>antiquitate</strong></span> <span class='ocrx_word' id='word_1_184' title='bbox 926 2711 1138 2792; x_wconf 89' lang='lat' dir='ltr'><strong>superstitem</strong></span> <span class='ocrx_word' id='word_1_185' title='bbox 1154 2729 1226 2777; x_wconf 90' lang='lat' dir='ltr'><strong>csse</strong></span> <span class='ocrx_word' id='word_1_186' title='bbox 1248 2703 1370 2793; x_wconf 85' lang='lat' dir='ltr'><strong>putem.</strong></span> 
     </span>
     <span class='ocr_line' id='line_1_25' title="bbox 189 2814 1371 2898; baseline -0.003 -17"><span class='ocrx_word' id='word_1_187' title='bbox 189 2814 320 2881; x_wconf 89' lang='lat' dir='ltr'><strong>Deinde</strong></span> <span class='ocrx_word' id='word_1_188' title='bbox 348 2814 594 2893; x_wconf 88' lang='lat' dir='ltr'><strong>conspiciuntur</strong></span> <span class='ocrx_word' id='word_1_189' title='bbox 622 2832 719 2881; x_wconf 85' lang='lat' dir='ltr'><strong>voces</strong></span> <span class='ocrx_word' id='word_1_190' title='bbox 753 2814 866 2878; x_wconf 80' lang='lat' dir='ltr'><strong>adiuro</strong></span> <span class='ocrx_word' id='word_1_191' title='bbox 873 2864 882 2896; x_wconf 91' lang='lat'><strong>,</strong></span> <span class='ocrx_word' id='word_1_192' title='bbox 910 2817 1019 2897; x_wconf 83' lang='lat' dir='ltr'><strong>testor,</strong></span> <span class='ocrx_word' id='word_1_193' title='bbox 1049 2817 1214 2898; x_wconf 83' lang='lat' dir='ltr'><strong>contestor,</strong></span> <span class='ocrx_word' id='word_1_194' title='bbox 1242 2814 1371 2878; x_wconf 83' lang='lat' dir='ltr'><strong>obtestor</strong></span> 
     </span>
     <span class='ocr_line' id='line_1_26' title="bbox 188 2916 1370 3002; baseline 0.002 -21"><span class='ocrx_word' id='word_1_195' title='bbox 188 2916 387 3002; x_wconf 67' lang='lat' dir='ltr'><strong>(pomero),</strong></span> <span class='ocrx_word' id='word_1_196' title='bbox 417 2936 502 2998; x_wconf 89' lang='lat' dir='ltr'><strong>quae</strong></span> <span class='ocrx_word' id='word_1_197' title='bbox 531 2918 576 2982; x_wconf 89' lang='lat' dir='ltr'><strong>ad</strong></span> <span class='ocrx_word' id='word_1_198' title='bbox 603 2921 755 2999; x_wconf 91' lang='lat' dir='ltr'><strong>tempora</strong></span> <span class='ocrx_word' id='word_1_199' title='bbox 782 2917 842 2982; x_wconf 91' lang='lat' dir='ltr'><strong>illa</strong></span> <span class='ocrx_word' id='word_1_200' title='bbox 871 2920 1023 2998; x_wconf 88' lang='lat' dir='ltr'><strong>spectare</strong></span> <span class='ocrx_word' id='word_1_201' title='bbox 1051 2917 1223 2999; x_wconf 87' lang='lat' dir='ltr'><strong>videntur,</strong></span> <span class='ocrx_word' id='word_1_202' title='bbox 1252 2916 1370 2998; x_wconf 89' lang='lat' dir='ltr'><strong>quibus</strong></span> 
     </span>
     <span class='ocr_line' id='line_1_27' title="bbox 188 3018 1370 3101; baseline 0 -15"><span class='ocrx_word' id='word_1_203' title='bbox 188 3019 337 3086; x_wconf 90' lang='lat' dir='ltr'><strong>homines</strong></span> <span class='ocrx_word' id='word_1_204' title='bbox 359 3038 431 3085; x_wconf 92' lang='lat' dir='ltr'><strong>cum</strong></span> <span class='ocrx_word' id='word_1_205' title='bbox 455 3018 526 3086; x_wconf 90' lang='lat' dir='ltr'><strong>deis</strong></span> <span class='ocrx_word' id='word_1_206' title='bbox 556 3019 743 3085; x_wconf 89' lang='lat' dir='ltr'><strong>instituisse</strong></span> <span class='ocrx_word' id='word_1_207' title='bbox 766 3024 905 3101; x_wconf 89' lang='lat' dir='ltr'><strong>apparet</strong></span> <span class='ocrx_word' id='word_1_208' title='bbox 926 3019 1151 3085; x_wconf 90' lang='lat' dir='ltr'><strong>commercium</strong></span> <span class='ocrx_word' id='word_1_209' title='bbox 1174 3019 1269 3100; x_wconf 90' lang='lat' dir='ltr'><strong>quasi</strong></span> <span class='ocrx_word' id='word_1_210' title='bbox 1291 3019 1370 3086; x_wconf 91' lang='lat' dir='ltr'><strong>iuri·</strong></span> 
     </span>
     <span class='ocr_line' id='line_1_28' title="bbox 188 3121 1369 3204; baseline 0 -15"><span class='ocrx_word' id='word_1_211' title='bbox 188 3121 307 3189; x_wconf 92' lang='lat' dir='ltr'><strong>dicum.</strong></span> <span class='ocrx_word' id='word_1_212' title='bbox 350 3122 501 3202; x_wconf 90' lang='lat' dir='ltr'><strong>Denique</strong></span> <span class='ocrx_word' id='word_1_213' title='bbox 524 3124 610 3203; x_wconf 93' lang='lat' dir='ltr'><strong>quod</strong></span> <span class='ocrx_word' id='word_1_214' title='bbox 633 3122 758 3188; x_wconf 88' lang='lat' dir='ltr'><strong>attinet</strong></span> <span class='ocrx_word' id='word_1_215' title='bbox 779 3125 822 3188; x_wconf 87' lang='lat' dir='ltr'><strong>ad</strong></span> <span class='ocrx_word' id='word_1_216' title='bbox 837 3121 972 3187; x_wconf 86' lang='lat' dir='ltr'><strong>formam</strong></span> <span class='ocrx_word' id='word_1_217' title='bbox 994 3122 1161 3187; x_wconf 84' lang='lat' dir='ltr'><strong>sollicitare</strong></span> <span class='ocrx_word' id='word_1_218' title='bbox 1182 3121 1260 3204; x_wconf 86' lang='lat' dir='ltr'><strong>deos,</strong></span> <span class='ocrx_word' id='word_1_219' title='bbox 1283 3122 1369 3188; x_wconf 82' lang='lat' dir='ltr'><strong>exis·</strong></span> 
     </span>
     <span class='ocr_line' id='line_1_29' title="bbox 188 3225 1369 3306; baseline -0.001 -15"><span class='ocrx_word' id='word_1_220' title='bbox 188 3225 303 3291; x_wconf 88' lang='lat' dir='ltr'><strong>timem</strong></span> <span class='ocrx_word' id='word_1_221' title='bbox 326 3225 462 3293; x_wconf 82' lang='lat' dir='ltr'><strong>verbum</strong></span> <span class='ocrx_word' id='word_1_222' title='bbox 485 3225 569 3290; x_wconf 91' lang='lat' dir='ltr'><strong>illud</strong></span> <span class='ocrx_word' id='word_1_223' title='bbox 584 3225 754 3306; x_wconf 87' lang='lat' dir='ltr'><strong>pertinere</strong></span> <span class='ocrx_word' id='word_1_224' title='bbox 776 3225 818 3290; x_wconf 88' lang='lat' dir='ltr'><strong>ad</strong></span> <span class='ocrx_word' id='word_1_225' title='bbox 836 3225 1033 3290; x_wconf 90' lang='lat' dir='ltr'><strong>sanctiorem</strong></span> <span class='ocrx_word' id='word_1_226' title='bbox 1056 3226 1218 3305; x_wconf 88' lang='lat' dir='ltr'><strong>quandam</strong></span> <span class='ocrx_word' id='word_1_227' title='bbox 1237 3227 1369 3290; x_wconf 88' lang='lat' dir='ltr'><strong>deorum</strong></span> 
     </span>
     <span class='ocr_line' id='line_1_30' title="bbox 189 3327 1369 3411; baseline -0.001 -17"><span class='ocrx_word' id='word_1_228' title='bbox 189 3327 425 3411; x_wconf 87' lang='lat' dir='ltr'><strong>cogitationem</strong></span> <span class='ocrx_word' id='word_1_229' title='bbox 448 3329 525 3394; x_wconf 86' lang='lat' dir='ltr'><strong>deos</strong></span> <span class='ocrx_word' id='word_1_230' title='bbox 547 3346 612 3393; x_wconf 91' lang='lat' dir='ltr'><strong>non</strong></span> <span class='ocrx_word' id='word_1_231' title='bbox 633 3345 729 3409; x_wconf 88' lang='lat' dir='ltr'><strong>posse</strong></span> <span class='ocrx_word' id='word_1_232' title='bbox 751 3327 834 3410; x_wconf 90' lang='lat' dir='ltr'><strong>cogi,</strong></span> <span class='ocrx_word' id='word_1_233' title='bbox 857 3331 894 3393; x_wconf 93' lang='lat' dir='ltr'><strong>ut</strong></span> <span class='ocrx_word' id='word_1_234' title='bbox 915 3332 1091 3408; x_wconf 91' lang='lat' dir='ltr'><strong>precantes</strong></span> <span class='ocrx_word' id='word_1_235' title='bbox 1114 3327 1282 3409; x_wconf 84' lang='lat' dir='ltr'><strong>adiuvent,</strong></span> <span class='ocrx_word' id='word_1_236' title='bbox 1311 3329 1369 3393; x_wconf 88' lang='lat' dir='ltr'><strong>sed</strong></span> 
     </span>
     <span class='ocr_line' id='line_1_31' title="bbox 188 3428 1369 3512; baseline -0.001 -16"><span class='ocrx_word' id='word_1_237' title='bbox 188 3429 279 3496; x_wconf 85' lang='lat' dir='ltr'><strong>ferre</strong></span> <span class='ocrx_word' id='word_1_238' title='bbox 309 3430 467 3497; x_wconf 87' lang='lat' dir='ltr'><strong>auxilium</strong></span> <span class='ocrx_word' id='word_1_239' title='bbox 497 3449 562 3496; x_wconf 93' lang='lat' dir='ltr'><strong>non</strong></span> <span class='ocrx_word' id='word_1_240' title='bbox 590 3429 654 3496; x_wconf 89' lang='lat' dir='ltr'><strong>nisi</strong></span> <span class='ocrx_word' id='word_1_241' title='bbox 682 3429 846 3512; x_wconf 88' lang='lat' dir='ltr'><strong>volentes,</strong></span> <span class='ocrx_word' id='word_1_242' title='bbox 876 3434 976 3511; x_wconf 87' lang='lat' dir='ltr'><strong>atquc</strong></span> <span class='ocrx_word' id='word_1_243' title='bbox 1006 3429 1036 3495; x_wconf 93' lang='lat' dir='ltr'><strong>si</strong></span> <span class='ocrx_word' id='word_1_244' title='bbox 1065 3428 1185 3510; x_wconf 87' lang='lat' dir='ltr'><strong>nolint,</strong></span> <span class='ocrx_word' id='word_1_245' title='bbox 1216 3429 1369 3510; x_wconf 89' lang='lat' dir='ltr'><strong>precibus</strong></span> 
     </span>
     <span class='ocr_line' id='line_1_32' title="bbox 188 3532 913 3615; baseline 0 -16"><span class='ocrx_word' id='word_1_246' title='bbox 188 3537 321 3600; x_wconf 92' lang='lat' dir='ltr'><strong>tantum</strong></span> <span class='ocrx_word' id='word_1_247' title='bbox 343 3533 459 3600; x_wconf 85' lang='lat' dir='ltr'><strong>vexari</strong></span> <span class='ocrx_word' id='word_1_248' title='bbox 482 3539 581 3614; x_wconf 88' lang='lat' dir='ltr'><strong>atque</strong></span> <span class='ocrx_word' id='word_1_249' title='bbox 604 3532 785 3613; x_wconf 90' lang='lat' dir='ltr'><strong>inquietari</strong></span> <span class='ocrx_word' id='word_1_250' title='bbox 808 3551 913 3615; x_wconf 91' lang='lat' dir='ltr'><strong>posse.</strong></span> 
     </span>
    </p>

    <p class='ocr_par' dir='ltr' id='par_1_4' title="bbox 187 3632 1370 3822">
     <span class='ocr_line' id='line_1_33' title="bbox 197 3632 1368 3718; baseline 0.004 -24"><span class='ocrx_word' id='word_1_251' title='bbox 197 3689 200 3694; x_wconf 87' lang='lat'><em>.</em></span> <span class='ocrx_word' id='word_1_252' title='bbox 274 3634 402 3718; x_wconf 79' lang='lat' dir='ltr'><strong>Quibus</strong></span> <span class='ocrx_word' id='word_1_253' title='bbox 436 3635 602 3717; x_wconf 85' lang='lat' dir='ltr'><strong>expeditis</strong></span> <span class='ocrx_word' id='word_1_254' title='bbox 632 3639 808 3716; x_wconf 89' lang='lat' dir='ltr'><strong>antequam</strong></span> <span class='ocrx_word' id='word_1_255' title='bbox 840 3636 883 3700; x_wconf 92' lang='lat' dir='ltr'><strong>ad</strong></span> <span class='ocrx_word' id='word_1_256' title='bbox 912 3635 1018 3716; x_wconf 90' lang='lat' dir='ltr'><strong>ipsam</strong></span> <span class='ocrx_word' id='word_1_257' title='bbox 1048 3632 1275 3715; x_wconf 89' lang='lat' dir='ltr'><strong>precationum</strong></span> <span class='ocrx_word' id='word_1_258' title='bbox 1304 3633 1368 3699; x_wconf 88' lang='lat' dir='ltr'><strong>Ro·</strong></span> 
     </span>
     <span class='ocr_line' id='line_1_34' title="bbox 187 3735 1370 3822; baseline -0.003 -18"><span class='ocrx_word' id='word_1_259' title='bbox 187 3756 358 3804; x_wconf 91' lang='lat' dir='ltr'><strong>manarum</strong></span> <span class='ocrx_word' id='word_1_260' title='bbox 381 3744 582 3804; x_wconf 90' lang='lat' dir='ltr'><strong>structuram</strong></span> <span class='ocrx_word' id='word_1_261' title='bbox 597 3739 760 3822; x_wconf 87' lang='lat' dir='ltr'><strong>accedam,</strong></span> <span class='ocrx_word' id='word_1_262' title='bbox 773 3738 913 3820; x_wconf 92' lang='lat' dir='ltr'><strong>primum</strong></span> <span class='ocrx_word' id='word_1_263' title='bbox 929 3736 1059 3818; x_wconf 90' lang='lat' dir='ltr'><strong>quidem</strong></span> <span class='ocrx_word' id='word_1_264' title='bbox 1074 3735 1183 3802; x_wconf 88' lang='lat' dir='ltr'><strong>obiter</strong></span> <span class='ocrx_word' id='word_1_265' title='bbox 1196 3737 1370 3817; x_wconf 89' lang='lat' dir='ltr'><strong>loquamur</strong></span> 
     </span>
    </p>
   </div>
   <div class='ocr_carea' id='block_1_4' title="bbox 188 3921 1370 4324">
    <p class='ocr_par' dir='ltr' id='par_1_5' title="bbox 188 3921 1369 4078">
     <span class='ocr_line' id='line_1_35' title="bbox 188 3921 1369 3993; baseline 0.002 -17"><span class='ocrx_word' id='word_1_266' title='bbox 188 3941 214 3993; x_wconf 93' lang='lat' dir='ltr'><strong>p.</strong></span> <span class='ocrx_word' id='word_1_267' title='bbox 227 3924 357 3993; x_wconf 78' lang='lat' dir='ltr'><strong>ldbaqq.;</strong></span> <span class='ocrx_word' id='word_1_268' title='bbox 374 3924 409 3978; x_wconf 89' lang='lat' dir='ltr'><strong>H.</strong></span> <span class='ocrx_word' id='word_1_269' title='bbox 421 3923 544 3978; x_wconf 85' lang='lat' dir='ltr'><strong>Schmidt</strong></span> <span class='ocrx_word' id='word_1_270' title='bbox 561 3923 668 3978; x_wconf 84' lang='lat' dir='ltr'><strong>Veteres</strong></span> <span class='ocrx_word' id='word_1_271' title='bbox 675 3923 833 3992; x_wconf 77' lang='lat' dir='ltr'><strong>philosophi</strong></span> <span class='ocrx_word' id='word_1_272' title='bbox 845 3921 977 3992; x_wconf 78' lang='lat' dir='ltr'><strong>quomodo</strong></span> <span class='ocrx_word' id='word_1_273' title='bbox 990 3922 1176 3978; x_wconf 77' lang='lat' dir='ltr'><strong>iudicaverint</strong></span> <span class='ocrx_word' id='word_1_274' title='bbox 1187 3922 1220 3977; x_wconf 86' lang='lat' dir='ltr'><strong>dc</strong></span> <span class='ocrx_word' id='word_1_275' title='bbox 1232 3921 1369 3992; x_wconf 70' lang='lat' dir='ltr'><strong>praebe,</strong></span> 
     </span>
     <span class='ocr_line' id='line_1_36' title="bbox 188 4009 1132 4078; baseline 0 -14"><span class='ocrx_word' id='word_1_276' title='bbox 188 4010 292 4066; x_wconf 85' lang='lat' dir='ltr'><strong>RGVV</strong></span> <span class='ocrx_word' id='word_1_277' title='bbox 309 4011 351 4064; x_wconf 91' lang='lat' dir='ltr'><strong>IV</strong></span> <span class='ocrx_word' id='word_1_278' title='bbox 368 4009 465 4077; x_wconf 76' lang='lat' dir='ltr'><strong>bbsqq.</strong></span> <span class='ocrx_word' id='word_1_279' title='bbox 500 4009 554 4064; x_wconf 82' lang='lat' dir='ltr'><strong>Sed</strong></span> <span class='ocrx_word' id='word_1_280' title='bbox 572 4010 604 4064; x_wconf 90' lang='lat' dir='ltr'><strong>de</strong></span> <span class='ocrx_word' id='word_1_281' title='bbox 623 4011 673 4064; x_wconf 90' lang='lat' dir='ltr'><strong>hac</strong></span> <span class='ocrx_word' id='word_1_282' title='bbox 690 4025 719 4064; x_wconf 90' lang='lat' dir='ltr'><strong>re</strong></span> <span class='ocrx_word' id='word_1_283' title='bbox 737 4010 808 4063; x_wconf 83' lang='lat' dir='ltr'><strong>inira</strong></span> <span class='ocrx_word' id='word_1_284' title='bbox 825 4010 904 4078; x_wconf 92' lang='lat' dir='ltr'><strong>plura</strong></span> <span class='ocrx_word' id='word_1_285' title='bbox 922 4009 1045 4063; x_wconf 85' lang='lat' dir='ltr'><strong>dicturus</strong></span> <span class='ocrx_word' id='word_1_286' title='bbox 1064 4025 1132 4064; x_wconf 85' lang='lat' dir='ltr'><strong>eum.</strong></span> 
     </span>
    </p>

    <p class='ocr_par' dir='ltr' id='par_1_6' title="bbox 188 4093 1370 4324">
     <span class='ocr_line' id='line_1_37' title="bbox 278 4093 1369 4164; baseline -0.003 -14"><span class='ocrx_word' id='word_1_287' title='bbox 278 4096 288 4128; x_wconf 86' lang='lat'><strong>¹</strong></span> <span class='ocrx_word' id='word_1_288' title='bbox 304 4096 337 4150; x_wconf 90' lang='lat' dir='ltr'><strong>R.</strong></span> <span class='ocrx_word' id='word_1_289' title='bbox 357 4095 461 4150; x_wconf 84' lang='lat' dir='ltr'><strong>Heinzc</strong></span> <span class='ocrx_word' id='word_1_290' title='bbox 486 4094 669 4164; x_wconf 80' lang='lat' dir='ltr'><strong>Supplicium,</strong></span> <span class='ocrx_word' id='word_1_291' title='bbox 687 4094 769 4149; x_wconf 80' lang='lat' dir='ltr'><strong>Arch.</strong></span> <span class='ocrx_word' id='word_1_292' title='bbox 790 4094 841 4163; x_wconf 80' lang='lat' dir='ltr'><strong>fiir</strong></span> <span class='ocrx_word' id='word_1_293' title='bbox 858 4094 922 4150; x_wconf 86' lang='lat' dir='ltr'><strong>Lat.</strong></span> <span class='ocrx_word' id='word_1_294' title='bbox 941 4093 1036 4150; x_wconf 81' lang='lat' dir='ltr'><strong>Leaeic.</strong></span> <span class='ocrx_word' id='word_1_295' title='bbox 1055 4095 1107 4150; x_wconf 87' lang='lat' dir='ltr'><strong>XV</strong></span> <span class='ocrx_word' id='word_1_296' title='bbox 1126 4094 1193 4148; x_wconf 83' lang='lat'>1906</span> <span class='ocrx_word' id='word_1_297' title='bbox 1210 4111 1236 4162; x_wconf 93' lang='lat' dir='ltr'><strong>p.</strong></span> <span class='ocrx_word' id='word_1_298' title='bbox 1255 4093 1369 4163; x_wconf 81' lang='lat' dir='ltr'><strong>90sqq.;</strong></span> 
     </span>
     <span class='ocr_line' id='line_1_38' title="bbox 188 4178 1370 4250; baseline -0.003 -14"><span class='ocrx_word' id='word_1_299' title='bbox 188 4186 317 4250; x_wconf 89' lang='lat' dir='ltr'><strong>ceterum,</strong></span> <span class='ocrx_word' id='word_1_300' title='bbox 336 4183 408 4250; x_wconf 90' lang='lat' dir='ltr'><strong>quod</strong></span> <span class='ocrx_word' id='word_1_301' title='bbox 419 4181 522 4236; x_wconf 89' lang='lat' dir='ltr'><strong>attinet</strong></span> <span class='ocrx_word' id='word_1_302' title='bbox 539 4180 574 4235; x_wconf 89' lang='lat' dir='ltr'><strong>ad</strong></span> <span class='ocrx_word' id='word_1_303' title='bbox 586 4181 640 4235; x_wconf 88' lang='lat' dir='ltr'><strong>tria</strong></span> <span class='ocrx_word' id='word_1_304' title='bbox 657 4180 706 4235; x_wconf 92' lang='lat' dir='ltr'><strong>illa</strong></span> <span class='ocrx_word' id='word_1_305' title='bbox 718 4181 801 4236; x_wconf 83' lang='lat' dir='ltr'><strong>verba</strong></span> <span class='ocrx_word' id='word_1_306' title='bbox 819 4181 897 4235; x_wconf 91' lang='lat' dir='ltr'><strong>modo</strong></span> <span class='ocrx_word' id='word_1_307' title='bbox 915 4179 1009 4250; x_wconf 85' lang='lat' dir='ltr'><strong>allata,</strong></span> <span class='ocrx_word' id='word_1_308' title='bbox 1027 4180 1100 4235; x_wconf 84' lang='lat' dir='ltr'><strong>inira</strong></span> <span class='ocrx_word' id='word_1_309' title='bbox 1114 4181 1149 4235; x_wconf 90' lang='lat' dir='ltr'><strong>ad</strong></span> <span class='ocrx_word' id='word_1_310' title='bbox 1160 4183 1242 4248; x_wconf 86' lang='lat' dir='ltr'><strong>capnt</strong></span> <span class='ocrx_word' id='word_1_311' title='bbox 1254 4178 1370 4233; x_wconf 88' lang='lat' dir='ltr'><strong>tertium</strong></span> 
     </span>
     <span class='ocr_line' id='line_1_39' title="bbox 188 4266 452 4324; baseline 0.008 -4"><span class='ocrx_word' id='word_1_312' title='bbox 188 4266 315 4322; x_wconf 88' lang='lat' dir='ltr'><strong>lectorem</strong></span> <span class='ocrx_word' id='word_1_313' title='bbox 333 4267 452 4324; x_wconf 84' lang='lat' dir='ltr'><strong>reiciam.</strong></span> 
     </span>
    </p>
   </div>
   <div class='ocr_carea' id='block_1_5' title="bbox 0 0 1564 4920">
    <p class='ocr_par' dir='ltr' id='par_1_7' title="bbox 0 0 1564 4920">
     <span class='ocr_line' id='line_1_40' title="bbox 0 0 1564 4920; baseline 0 0"><span class='ocrx_word' id='word_1_314' title='bbox 0 0 1564 4920; x_wconf 95' lang='lat' dir='ltr'><strong> </strong></span> 
     </span>
    </p>
   </div>
  </div>
 </body>
</html>
