3120 4920
230 360 277 425 86
700 357 834 428 Georgius
851 358 940 426 Appel

233 530 466 612 separatorem,
496 528 739 610 impertitorem,
767 528 951 611 Insttorem,
984 529 1198 613 Obcrctorem,
1229 528 1414 614 occatorem,

236 632 432 714 Sarritorem,
461 631 763 715 soeronctoatorem,
779 625 955 716 Messorem,
970 632 1187 716 Convemorem,
1211 631 1414 718 Conditorem,

233 736 448 801 Promitorem.

243 851 246 856 ·
320 840 490 904 Permulta
512 839 610 905 huius
626 840 757 920 generis
772 839 907 905 numina
921 844 1096 921 praeterea
1111 839 1259 922 proferre
1273 860 1415 927 possum,

235 943 310 1025 sed,
346 960 418 1007 eum
447 942 529 1006 milri
558 943 782 1023 proposuerim
823 961 877 1008 eos
913 943 1016 1008 solum
1045 961 1295 1010 commemorare
1326 947 1414 1028 dece,

117 1074 121 1080 ·
232 1045 353 1126 quibus
382 1044 587 1126 precationes
617 1063 688 1110 esse
721 1044 828 1110 factas
856 1045 1034 1127 scriptores
1071 1051 1202 1112 veteres
1238 1049 1416 1115 memoriae

235 1149 394 1230 produnt,
435 1152 546 1213 cetera
577 1147 903 1230 indigitamentorum
944 1149 1104 1214 numiua¹
1140 1150 1416 1230 praetermittam.

233 1250 283 1316 Et
300 1250 444 1331 reliquos
458 1256 586 1316 tantum
609 1245 850 1317 commemorem
867 1253 951 1334 dece,
973 1270 1061 1334 quos,
1084 1271 1156 1318 eum
1175 1252 1312 1334 speciali
1334 1273 1416 1334 qua-

233 1355 310 1418 dem
334 1357 446 1419 essent
465 1359 630 1434 potestate
653 1354 817 1436 instructi,
847 1355 949 1420 certis
978 1354 1202 1421 occasionibus
1224 1357 1312 1422 datis
1343 1375 1415 1424 esse

232 1456 408 1523 invocatos
430 1464 560 1525 veteres
581 1457 645 1540 ipsi
667 1460 814 1524 tradunt.

237 1612 530 1695 Aegrotantes
553 1614 717 1680 advocant
739 1611 994 1694 Apollinem,
1023 1612 1144 1694 quippe
1167 1611 1224 1693 qui
1247 1612 1291 1678 sit
1313 1613 1416 1678 medi·

324 1714 419 1781 cinae
442 1717 536 1782 deus:
559 1715 680 1782 Tibull.
707 1716 755 1780 IV
778 1717 807 1798 4,
831 1717 859 1780 1.

236 1817 471 1900 Agricolae
493 1825 671 1900 precantur
694 1820 792 1884 deos
814 1817 1022 1900 rusticos,
1051 1822 1089 1884 ut
1119 1817 1211 1902 agris
1241 1820 1321 1884 dent
1350 1818 1417 1885 fer-

324 1921 482 1987 tilitatem
505 1922 561 1988 uel
590 1921 748 2005 gregibus
778 1925 950 2002 praestent
972 1921 1167 1986 ubertatem.
1206 1921 1416 1988 Cererem:

324 2023 423 2106 Verg.
446 2023 595 2107 Georgia
624 2026 642 2090 I
665 2026 728 2090 338
737 2044 797 2105 sq.;
829 2024 948 2090 Tibull.
967 2024 1003 2088 II
1027 2026 1054 2107 1,
1077 2025 1113 2105 33
1141 2024 1259 2090 Horat.
1278 2043 1417 2092 sermon.

323 2125 360 2191 Π
375 2128 493 2208 2,124;
510 2127 605 2194 Ouid.
620 2128 695 2192 fast.
711 2126 1182 2211 Iero(ag1·0rumfertintas);
1198 2127 1416 2194 Liberum:

323 2228 442 2295 Tibull
464 2230 500 2294 Π
524 2231 552 2313 1,
575 2231 595 2296 3
619 2231 785 2314 (agrorum
808 2229 995 2313 fertilitas);
1026 2231 1251 2296 Herculem
1281 2231 1417 2296 rusti·

324 2351 426 2398 cum:
456 2332 574 2400 Horat.
596 2352 732 2399 sermon.
758 2333 794 2398 Π
816 2335 844 2414 6,
868 2335 909 2398 14
938 2335 989 2413 (ut
1010 2351 1109 2414 pecus
1131 2332 1236 2399 iaciat
1264 2332 1418 2418 pingue);

323 2434 479 2502 Palem:
503 2435 656 2518 Calpurn.
686 2437 796 2502 Bucol.
820 2437 849 2502 V
871 2438 913 2501 24
943 2436 1093 2520 (gregum
1124 2437 1289 2521 ubertas);
1319 2437 1417 2502 uel-

323 2537 470 2606 lurem:
494 2540 587 2608 Ovid.
609 2541 685 2607 fast.
708 2541 809 2607 1669
832 2538 998 2623 (agrorum
1021 2539 1202 2624 fertilitas).

238 2640 274 2706 Μ
282 2646 504 2709 arcatores
526 2663 708 2726 omnesque,
731 2643 788 2725 qui
803 2650 974 2724 quaestum
997 2643 1118 2725 colunt,
1142 2642 1419 2724 Mercurium,

323 2745 560 2828 negotiationis
580 2749 684 2823 deum,
706 2746 870 2831 invocant,
893 2752 931 2811 ut
945 2747 1003 2811 det
1018 2745 1170 2812 divitias:
1192 2746 1300 2810 Plaut
1317 2745 1422 2812 Stich.

324 2851 402 2930 402;
434 2849 527 2917 Ovid.
557 2849 635 2916 fast.
664 2851 695 2916 V
724 2851 802 2931 6813
834 2849 968 2916 Persius
997 2855 1098 2915 satur.
1130 2849 1166 2914 Π
1195 2850 1253 2929 44;
1284 2849 1421 2914 Anthol.

325 2954 434 3020 Latin.
456 2954 492 3018 ΙΙ
515 2954 598 3018 1528
621 2953 736 3037 (Lucri
756 2959 906 3034 repertor
928 2959 963 3017 et
985 2951 1142 3017 sermonis
1164 2951 1282 3035 dator).

236 3055 373 3124 Fures
396 3058 536 3122 adorant
556 3057 806 3121 Lauernam:
829 3056 943 3120 Horat.
967 3055 1063 3136 epist.
1085 3055 1103 3120 I
1126 3056 1176 3136 16,
1198 3055 1251 3119 60.

238 3159 447 3226 Mulieres
477 3159 779 3240 parturientes
806 3159 960 3240 precibus
984 3159 1109 3224 adeunt
1131 3159 1219 3240 dees,
1242 3175 1323 3239 quas
1344 3174 1422 3236 par-

327 3261 528 3329 turientibus
544 3262 702 3328 auxiliari
713 3268 841 3344 putant.
862 3262 1061 3326 Iunonem
1077 3259 1294 3326 Lucinam:
1310 3259 1423 3325 Plant.

328 3367 438 3432 Aulul.
457 3367 535 3446 6923
559 3367 654 3431 Truc.
669 3367 747 3446 4763
770 3366 902 3430 Terent.
924 3364 1063 3444 Adelph.
1085 3364 1164 3444 4863
1188 3360 1318 3427 Andria
1339 3363 1422 3444 4733

329 3468 446 3535 Catull.
470 3470 521 3552 34,
545 3470 600 3550 13,
623 3467 688 3534 Cic.
710 3470 751 3533 de
772 3475 843 3532 nat.
865 3469 951 3532 deor.
974 3466 1010 3530 Π
1024 3467 1075 3548 27,
1097 3467 1155 3546 68;
1178 3465 1275 3547 Apul.
1290 3470 1423 3530 metam.
1455 3452 1476 3502 J

328 3572 376 3638 VI
399 3575 435 3652 43
459 3573 601 3637 llacrob.
624 3571 691 3637 Sat.
715 3571 769 3636 ΙΙΙ
785 3573 834 3653 16,
849 3572 906 3650 27;
930 3569 1022 3635 Serv,
1041 3572 1085 3634 ad
1100 3569 1181 3633 Aen.
1204 3569 1272 3649 Ι8;
1298 3567 1424 3633 Arnob.

329 3678 402 3743 adv.
417 3682 484 3740 nat.
499 3676 553 3740 ΙΠ
569 3675 625 3755 10;
649 3675 786 3740 Tertull.
801 3675 842 3739 de
857 3673 953 3739 anim.
969 3692 995 3738 o.
1010 3673 1061 3738 39.
1104 3671 1282 3737 Dianam
1304 3670 1423 3736 Horat.

330 3799 428 3845 carm.
450 3778 504 3844 ΠΙ
526 3779 576 3861 22,
599 3779 635 3859 2,
667 3779 757 3860 epod.
788 3777 817 3843 V
839 3779 872 3858 5;
899 3795 996 3841 carm.
1025 3793 1110 3841 saec.
1132 3776 1188 3854 133
1219 3773 1357 3844 Tertull.
1381 3775 1425 3840 de

331 3883 428 3949 anim.
450 3901 476 3948 e.
499 3883 549 3948 39.

245 3983 474 4053 Bellantes
497 3987 604 4051 solent
619 3985 774 4051 venerari
799 3986 985 4050 Martem:
1009 3981 1082 4049 Liv.
1097 3981 1192 4047 XLV
1209 3981 1259 4063 32,
1274 3982 1311 4061 2;
1327 3979 1426 4047 Ovid.

331 4089 423 4154 Fast.
439 4091 468 4154 V
484 4089 556 4155 575.
599 4089 719 4171 Etiam,
742 4089 827 4169 quod
842 4086 964 4152 attinet
986 4087 1029 4150 ed
1051 4084 1180 4167 bellum,
1202 4082 1427 4167 agricolae

331 4193 474 4259 Martem
496 4194 643 4275 adorant,
666 4196 703 4256 ut
718 4199 849 4274 segetes
872 4189 992 4255 abello
1011 4187 1176 4271 defendat,
1198 4205 1229 4253 n.
1251 4187 1293 4252 40
1316 4192 1351 4252 et
1373 4188 1428 4253 49.

334 4361 345 4393 ¹
358 4363 489 4418 Colleotos
501 4361 624 4442 invenies
633 4362 662 4415 in
674 4361 760 4416 indice
770 4376 849 4429 quem
859 4359 1009 4427 composuit
1018 4359 1051 4414 R.
1062 4356 1182 4413 Peterin
1191 4355 1321 4412 Roscheri
1330 4355 1429 4414 lexieo.
