3120 4920
488 284 529 340 De
546 284 730 340 Romanorum
748 244 946 352 precationibus
1268 287 1310 355 75

126 455 249 539 udam,
278 475 338 540 quo
365 454 474 534 illum,
505 453 659 537 sacrificae
684 453 786 518 Iouem
807 455 845 518 ele
873 455 956 519 caelo
983 454 1128 520 dmocure
1156 461 1309 540 acuatum,

127 560 278 643 paeoniam
297 577 414 641 porum
435 559 496 622 rite
517 557 671 642 quaedam
698 559 826 640 fecisset,
846 559 982 638 fulmine
1002 560 1107 642 iatum,
1129 559 1221 623 rualli
1240 579 1310 624 ocra

129 680 318 746 mapuarum
339 680 446 725 rerum
473 661 545 741 fala
574 666 602 724 et
631 665 750 724 osieula
771 660 870 725 uerbis
887 663 1072 745 permutari.
1115 661 1229 728 Facile
1257 681 1309 729 co·

125 763 313 847 guoscimus
329 763 470 829 hocloco
484 762 604 829 iterum
621 763 677 845 agi
691 765 733 829 de
748 763 876 846 magica
892 766 1042 847 quadam,
1058 765 1178 844 quibus
1193 764 1247 830 dei
1258 784 1309 832 co·
1357 845 1358 848 Ἴ

126 872 253 950 gantur
266 866 309 933 vi.
341 867 419 948 Ipse
433 866 550 931 Tullus
565 865 737 949 Hostilius,
757 866 814 946 qui
828 867 940 933 Iovem
955 867 1145 948 precatione
1160 869 1309 952 cogebat,

127 968 267 1036 fulmine
282 967 367 1035 ictus
383 973 442 1034 est.
465 969 548 1034 Nam
562 968 597 1034 in
609 968 702 1034 illum
713 987 825 1050 regem
839 968 893 1035 vis
904 970 1034 1050 magica
1048 988 1083 1036 se
1098 976 1310 1037 converterat

125 1073 241 1140 eodem
263 1071 334 1138 fere
362 1073 465 1153 modo,
494 1090 557 1152 quo
579 1090 708 1154 magum
737 1073 908 1155 quendam,
940 1091 1044 1152 quem,
1074 1091 1146 1139 cum
1168 1073 1309 1139 formula

126 1174 258 1257 mamca
271 1192 336 1240 non
352 1173 419 1240 rite
430 1193 510 1241 usus
526 1179 624 1256 esset,
640 1193 661 1239 a
677 1173 887 1240 daemonibus
898 1193 970 1240 esse
981 1173 1194 1241 interiectum
1209 1194 1309 1257 saepe

126 1277 289 1343 andimus.
341 1275 453 1343 Etiam
491 1295 533 1342 ex
565 1276 658 1342 Festi
693 1277 763 1343 loco
794 1277 837 1359 (p.
870 1279 934 1344 280
948 1278 984 1343 Μ
1019 1296 1045 1344 s.
1080 1296 1111 1344 v.
1141 1279 1308 1362 resecrare)

126 1379 298 1462 colligitur
326 1397 483 1445 summam
512 1377 614 1445 fuisse
643 1379 841 1445 attributam
871 1379 1026 1463 magicis,
1060 1380 1206 1461 quaein
1234 1399 1308 1462 pre·

125 1480 312 1548 cationibus
334 1480 588 1564 adhibebantur,
618 1481 817 1548 carminibus
839 1482 1035 1564 potentiam:
1064 1483 1230 1547 Resecrare
1250 1483 1308 1548 sol·

127 1604 196 1651 uere
224 1584 387 1668 cellelarie,
418 1585 522 1668 ulique
551 1603 621 1648 curu
650 1605 724 1648 reris
749 1585 900 1666 populum
929 1587 1059 1650 comitiis
1086 1593 1228 1650 oraverat
1250 1606 1310 1670 per

125 1686 204 1768 deae,
226 1691 262 1750 ul
284 1707 318 1750 eo
334 1687 473 1770 periculo
488 1687 681 1770 liberaretur,
702 1687 825 1752 iubebat
839 1690 1043 1769 mupislratus
1056 1709 1126 1752 euru
1147 1709 1309 1756 resecrare.
1411 1726 1414 1732 ·

125 1789 256 1873 Quibus
278 1807 319 1855 ex
340 1789 452 1856 verbis
467 1790 574 1856 elucet
596 1789 734 1872 magicis
749 1790 951 1857 carminibus
974 1791 1046 1857 sive
1061 1792 1307 1873 precationibus

123 1891 328 1959 nullomodo
350 1911 445 1974 posse
468 1892 591 1975 resisti,
612 1911 778 1975 reumque,
808 1893 865 1973 qui
888 1893 1027 1959 comitiis
1050 1895 1128 1960 deos
1157 1895 1307 1961 obsecra-

126 1993 240 2076 visset,
268 2001 303 2058 ut
324 2014 357 2059 co
382 1995 521 2077 periculo
543 1995 735 2078 libereretur,
764 2000 899 2077 propter
926 1996 1078 2062 carminis
1101 1996 1210 2062 vima
1239 2015 1307 2062 ma-

124 2096 326 2179 gistratibus
355 2117 523 2164 resecrare
560 2098 686 2164 iussum
715 2117 796 2164 esse.
847 2098 941 2182 Quod
971 2118 1042 2165 cum
1073 2099 1123 2164 ita
1152 2099 1214 2183 sit,
1242 2117 1308 2165 non

125 2199 332 2284 mirabimur,
359 2201 389 2267 si
418 2201 453 2267 in
483 2200 696 2282 sequentibus
726 2220 854 2282 quoque
884 2202 1016 2284 saepius
1045 2202 1205 2285 magicam
1233 2222 1307 2285 pre·

125 2303 292 2370 catiomm
316 2303 478 2386 originem
501 2303 710 2370 offendemus

213 2424 324 2504 Atque
346 2423 412 2489 iam
435 2426 479 2490 ad
501 2423 607 2506 ipsum
629 2443 810 2490 sermonem
833 2425 996 2491 orantium
1019 2431 1235 2492 transeamus.

212 2526 323 2593 Primo
344 2526 414 2593 loco
436 2527 471 2593 in
501 2527 649 2594 omnibus
672 2527 743 2594 fere
765 2528 1009 2609 precationibus
1038 2529 1133 2594 nobis
1162 2529 1305 2594 occurrit

124 2628 181 2694 dei
195 2627 343 2695 invocati
358 2648 483 2695 nomen.
517 2629 611 2712 Quod
626 2649 691 2711 qua
707 2633 747 2696 de
762 2650 864 2697 causa
878 2630 912 2696 in
928 2631 1172 2713 precationibus
1188 2630 1305 2696 summi

126 2731 173 2797 sit
206 2732 376 2815 momenti,
414 2733 453 2797 A.
483 2732 656 2799 -Dieterich
690 2733 771 2797 Eine
802 2733 1066 2815 Mithrasliiurpie
1099 2733 1187 2815 LipS.
1223 2735 1306 2800 1903

125 2853 157 2916 p.
188 2834 327 2916 110sqq.
363 2853 489 2901 summa
525 2836 713 2918 sagacitate
752 2856 791 2902 ac
823 2837 1012 2902 subtilitate
1040 2836 1135 2902 nobis
1164 2836 1307 2918 exponit.

124 2937 209 3002 Nam
234 2937 454 3004 necessarium
470 2944 523 3004 est
537 2945 726 3020 precantem
742 2939 803 3021 dei,
826 2958 922 3019 quem
938 2939 1063 3020 aliquid
1086 2958 1204 3021 rogare
1226 2941 1306 3023 vult,

124 3039 212 3104 scire
234 3058 359 3106 nomen.
404 3041 482 3106 Cum
498 3041 627 3107 nomine
643 3041 729 3106 enim
744 3041 837 3106 illum
852 3043 947 3107 deum
963 3042 1069 3124 ipsum
1085 3042 1222 3122 eiusque
1237 3042 1306 3108 vim

125 3142 230 3208 babet
251 3142 284 3208 in
304 3148 471 3224 potestate
494 3164 554 3210 sua
569 3163 709 3225 eumque
724 3145 759 3210 vi
775 3147 914 3225 quadarn
938 3145 1067 3226 magica
1089 3147 1131 3210 ad
1148 3165 1197 3222 ea,
1220 3163 1306 3225 quae

124 3244 218 3328 velit,
233 3245 436 3326 perficienda
451 3265 568 3329 cogere
587 3251 705 3328 potest.
729 3246 966 3330 Quamobrem
981 3247 1137 3312 Romanis
1153 3247 1213 3312 hoc
1229 3265 1305 3327 quo·

124 3365 190 3428 que
204 3365 333 3429 semper
354 3353 452 3414 cuiae
468 3349 541 3432 luit,
563 3355 602 3414 ut
624 3349 660 3414 in
682 3350 928 3430 precationibus
950 3369 1029 3417 vero
1051 3348 1204 3414 nominel
1227 3350 1305 3414 deos

123 3449 330 3516 invocarent.
374 3452 450 3533 Ipse
472 3452 638 3518 Amabius
654 3453 740 3535 (adv.
763 3457 832 3518 nat.
848 3453 901 3518 ΙΙΙ
916 3453 957 3517 43
966 3451 1061 3536 extr.)
1084 3451 1178 3518 nobis
1199 3451 1305 3516 tradit

122 3552 194 3618 suis
216 3553 319 3619 etiam
340 3554 540 3635 temporibus
562 3555 747 3621 cautionem
770 3574 928 3620 summam
951 3553 1091 3620 nominis
1113 3557 1205 3619 recte
1227 3553 1304 3618 affe·

121 3655 221 3721 rendi
251 3656 436 3722 exstitisse:
471 3655 572 3740 Usque
600 3657 677 3720 celeo
713 3677 761 3720 res
790 3659 885 3741 accipit
910 3659 1099 3740 properatim
1127 3656 1199 3720 deos
1227 3659 1306 3720 seire

122 3777 178 3821 uec
199 3757 355 3839 ombipere
382 3779 436 3823 uec
464 3759 607 3823 dubitare
634 3759 674 3822 de
706 3762 952 3844 reuiuscuiusque
979 3761 1010 3823 ci
1038 3761 1181 3842 nomines,
1210 3779 1250 3822 ue
1277 3759 1306 3822 si

120 3859 236 3924 alienes
256 3860 368 3925 ritibus
385 3868 413 3925 el
434 3861 689 3945 appellationibus
705 3863 827 3942 fueriut
847 3864 989 3944 invocati,
1011 3867 1038 3925 et
1060 3881 1153 3924 aures
1174 3860 1305 3924 nauem

118 3967 259 4026 arculas
280 3970 308 4026 et
329 3964 468 4045 piaculis
491 3985 548 4028 uos
570 3971 692 4028 leueaut
719 3965 957 4047 inexpiabilibus
979 3964 1134 4044 oblipalos.
1178 3962 1304 4028 Eadem

120 4063 194 4132 iere
220 4065 348 4148 scripta
377 4073 455 4133 sunt
488 4069 576 4149 apud
608 4066 750 4134 Gellium
783 4067 959 4150 incapite,
993 4069 1078 4147 quod
1110 4065 1306 4130 inscribitur

214 4273 225 4304 ¹
243 4271 284 4326 (li.
302 4271 338 4326 H.
355 4272 460 4328 Usener
480 4272 680 4327 Gilleruameu
698 4273 784 4327 Bonn.
804 4272 871 4326 1896
888 4289 913 4340 p.
931 4272 1027 4338 seseq.
