3120 4920
490 326 531 380 De
550 325 733 380 Romanorum
751 327 950 395 precationibus
1269 330 1313 395 89

132 501 246 564 testes
290 495 403 562 Oicero
425 495 495 562 loco
518 495 774 576 supralaudato
797 495 851 580 (de
866 500 935 561 nat.
951 498 1038 563 deor.
1051 496 1088 562 11
1102 499 1232 584 affl),
1253 498 1312 565 ubi
1406 570 1417 578 ,

132 601 259 684 legitur
279 599 315 666 in
338 599 486 665 omnibus
507 599 607 664 rebus
629 597 801 664 maximam
824 599 891 665 vim
913 600 1035 666 habere
1064 601 1171 683 prima
1200 607 1234 667 et
1256 621 1311 668 ex·

133 708 255 770 trema:
289 702 341 766 Vis
370 708 472 765 autem
501 703 568 764 eius
597 700 653 784 (sc.
681 699 802 787 Vestae)
834 702 878 765 od
906 723 982 767 aras
1003 710 1031 767 et
1049 705 1134 784 focos
1160 707 1312 788 pertinet:

133 810 237 891 itaque
257 808 293 869 c'u
315 826 352 870 eu
373 803 440 886 dea,
473 804 557 888 qnod
581 809 625 867 est
653 824 761 867 rerum
789 812 891 870 custos
918 808 1124 890 talamarum,
1154 810 1255 872 omncs
1283 813 1313 872 et

130 911 267 995 precatio
288 914 318 972 et
337 907 521 988 εαονίιίεαίίο
549 911 598 972 eat.
648 907 782 975 Servius
805 910 848 973 ad
870 912 951 974 Aen.
972 909 990 974 Ι
1013 911 1091 975 292:
1126 909 1217 974 Veste
1243 930 1312 974 vero

128 1034 189 1096 pro
210 1013 367 1096 relipioue,
390 1012 465 1094 quio
486 1009 610 1073 nuttam
629 1010 817 1090 sacrificium
838 1013 903 1074 siue
923 1013 995 1092 ipae
1016 1017 1068 1095 eat,
1090 1013 1173 1076 uude
1194 1021 1222 1077 ct
1241 1015 1313 1094 ipso

133 1123 161 1181 et
181 1114 285 1180 Ianus
306 1117 340 1178 in
356 1113 498 1176 omnebus
511 1111 675 1193 scruficas
688 1114 879 1179 invocantur.
923 1115 986 1180 Sed
1002 1115 1145 1197 ipsorum
1161 1122 1311 1182 veterum

77 1210 81 1216 ’
133 1216 325 1286 testimonia
346 1235 411 1282 non
434 1214 499 1281 nisi
521 1217 648 1281 duobus
662 1217 820 1298 exemplis
842 1217 1000 1284 videntur
1021 1219 1222 1285 confirmari:
1244 1219 1311 1301 pri-

133 1341 219 1388 mum
248 1320 420 1386 invenitur
452 1320 539 1400 apud
571 1318 733 1384 Velleium
756 1321 967 1387 Paterculum
990 1321 1038 1404 (ΙΙ
1061 1323 1312 1408 131,1‚n.27)

132 1425 167 1490 in
188 1421 380 1507 precatione
402 1421 462 1487 illa
483 1440 541 1503 pro
564 1422 672 1487 salute
693 1422 743 1487 rei
765 1422 918 1503 publicae
938 1422 1040 1506 facta,
1070 1425 1128 1490 ubi
1149 1425 1256 1491 Vesta
1277 1424 1313 1491 in

133 1545 267 1594 numero
282 1527 424 1607 deorum,
447 1543 581 1605 ortorum
598 1525 729 1590 nomina
744 1531 821 1590 sunt
842 1532 929 1608 nota,
952 1526 1126 1593 invocatur
1148 1531 1312 1595 extrema:

132 1629 275 1714 Iuppiter
298 1627 477 1710 Capitoline,
500 1633 528 1690 et
549 1634 657 1691 auctor
679 1648 715 1691 nc
737 1635 836 1692 stator
857 1629 996 1693 Romani
1017 1633 1153 1694 nominis
1175 1631 1312 1695 Gradive

133 1733 234 1816 Mors,
264 1737 482 1816 perpetuorum
511 1735 614 1793 custos
641 1729 732 1794 Vesta
754 1733 877 1814 lycium
906 1738 934 1795 et
963 1733 1117 1816 quidquid
1145 1736 1313 1797 numinum

131 1837 212 1901 bunc
241 1835 379 1898 Romana
408 1835 533 1916 imperii
562 1834 669 1897 molem
705 1835 739 1897 in
778 1836 1005 1914 amplissimum
1042 1843 1199 1899 terrerum
1229 1837 1313 1900 orbis

129 1940 297 2022 fuatlpc'um
319 1937 436 2003 eetulc't.
480 1937 631 2002 Alterum
660 1937 784 2020 legitur
812 1936 847 2002 in
870 1938 1039 2004 Iuvenalis
1069 1939 1137 2003 Sat.
1160 1938 1209 2004 VI
1230 1941 1312 2005 386:

132 2042 176 2107 at
196 2043 288 2123 forre
309 2047 337 2104 et
358 2042 428 2104 vino
450 2038 552 2103 Inuera
579 2039 758 2124 Vestamque
777 2041 914 2124 repebat.
957 2042 1137 2107 Praeterea
1167 2061 1207 2108 ex
1230 2042 1312 2123 ipsis

130 2147 275 2214 fratrum
291 2142 462 2210 Arvalium
477 2142 617 2224 piaculis
633 2143 780 2227 (Henzen
797 2164 827 2224 p.
844 2145 919 2228 147)
942 2144 1052 2228 colligi
1071 2150 1188 2228 potest,
1211 2146 1311 2211 etiam

132 2250 169 2316 in
191 2249 244 2314 bis
265 2248 364 2313 rebus
387 2246 510 2311 divinis
532 2247 670 2311 Vestam
693 2251 840 2312 extremo
862 2248 932 2313 loco
955 2266 1027 2313 esse
1049 2251 1251 2314 advocatam.

219 2349 470 2433 Inquirentibus
492 2348 594 2431 nobis,
617 2369 682 2430 qua
704 2353 744 2415 de
767 2368 866 2415 causa
890 2351 964 2431 ipsa
979 2352 1083 2417 Vesta
1105 2357 1255 2417 extrema
1277 2352 1312 2416 in

128 2453 380 2540 precationibus
401 2452 581 2534 invocetur,
604 2452 685 2518 haec
708 2451 779 2518 fere
800 2453 836 2517 in
858 2460 1000 2519 mentem
1023 2455 1176 2520 veniunt:
1210 2456 1312 2520 Ianus

128 2559 257 2625 Vestae
280 2557 316 2621 in
338 2555 430 2620 cultu
452 2555 541 2619 haud
564 2560 695 2636 temere,
724 2563 761 2621 ut
793 2560 870 2621 sunt
893 2557 1043 2622 diversae
1065 2558 1236 2637 utriusque
1259 2557 1313 2623 dei

127 2660 331 2744 provinciae,
346 2657 447 2723 limen
463 2663 498 2722 et
513 2657 613 2740 socna,
628 2659 866 2740 opponebatur3
883 2660 930 2725 sic
945 2661 1057 2725 domus
1069 2679 1145 2741 pars
1161 2665 1311 2726 extrema

128 2763 270 2831 intimae
287 2760 377 2843 parti
392 2759 606 2826 obiciebatur.
651 2761 777 2844 Quibus
793 2781 834 2826 ex
850 2763 947 2827 rebus
963 2762 1139 2829 contrariis
1161 2768 1310 2828 secutum

128 2885 204 2933 esse
225 2865 369 2946 videtur,
398 2869 438 2929 ut
466 2871 582 2944 postea
611 2865 739 2930 demum
768 2864 894 2945 primae
924 2865 998 2931 Iani
1028 2867 1081 2932 dei
1110 2865 1313 2932 invocationi
1379 2919 1381 2924 .

129 2976 282 3036 extrema
304 2969 429 3034 Vestae
452 2969 533 3032 deae
557 2968 708 3032 adoratio
731 2974 950 3049 opponeretur
961 2969 981 3034 ¹.

217 3089 345 3171 Restat,
368 3091 407 3153 ut
428 3089 488 3153 hoc
509 3089 580 3153 loco
604 3087 753 3170 omnium,
777 3089 890 3168 quiin
914 3089 1159 3170 precationibus
1181 3089 1312 3155 littera-

127 3211 203 3260 rum
225 3192 422 3258 Latinarum
451 3191 680 3273 reperiuntur,
709 3192 927 3257 Romanorum
957 3194 1089 3258 deorum
1112 3195 1312 3273 dearumque

128 3314 312 3379 proponam
334 3293 483 3371 indicem,
515 3312 577 3374 quo
601 3297 851 3377 demonstretur,
881 3295 937 3375 qui
960 3295 1012 3360 dei
1043 3295 1172 3360 omnino
1195 3296 1312 3360 Roma·

128 3417 246 3465 norum
268 3399 303 3463 in
325 3397 572 3478 precationibus
595 3403 629 3462 et
651 3397 762 3461 soluta
784 3402 818 3462 et
841 3398 970 3478 poetica
999 3398 1147 3463 oratione
1176 3396 1312 3462 traditis

128 3500 227 3567 nobis
249 3504 432 3566 occurrant.
477 3500 588 3579 Atque
609 3499 748 3565 indicem
772 3500 864 3566 illum
887 3501 937 3565 ita
951 3499 1131 3582 instituam,
1155 3503 1192 3564 ut
1212 3498 1312 3564 etiam

128 3602 278 3670 numeris
300 3601 477 3683 adscriptis
500 3603 687 3669 summatim
711 3622 878 3686 exponam,
902 3604 1053 3684 quotiens
1075 3604 1110 3668 hi
1139 3602 1192 3668 dei
1215 3604 1310 3668 deae-

129 3725 197 3791 que
211 3706 280 3789 soli,
296 3705 511 3786 quotiensque
524 3725 596 3771 oum
609 3706 684 3772 aliis
697 3708 766 3772 deis
781 3707 948 3773 coniuncti
963 3707 1165 3773 invocentur.
1188 3706 1312 3788 Nempe

131 3809 406 3877 considerandum
430 3813 481 3874 est
504 3827 569 3874 non
591 3809 698 3874 omnia
713 3814 861 3875 veterum
886 3809 1074 3876 testimonia
1096 3811 1137 3876 ad
1158 3828 1217 3875 nos
1238 3827 1309 3890 per·

237 4045 348 4111 εὔχεσθε
365 4049 399 4114 τῇ
410 4047 505 4112 Ἑστίᾳ
516 4050 550 4114 τῇ
561 4045 695 4117 ὀρνιθείῳ
708 4052 751 4099 καὶ
766 4049 805 4111 τῴ
816 4049 909 4110 ἰκτίνῳ
927 4050 966 4112 τῷ
977 4047 1127 4116 Ἑστιούχῳ,
1146 4051 1189 4099 καὶ
1207 4045 1313 4116 ὄρνισιν

235 4130 384 4201 Ὀλυμπίοις
395 4137 439 4184 καὶ
450 4130 622 4199 Ὀλυμπίῃσιν
633 4135 698 4184 πᾶσι
712 4137 755 4185 καὶ
767 4132 892 4198 πάσῃσιν.
917 4135 956 4189 Cf.
969 4134 1193 4199 Prellar·R0bert,
1207 4134 1312 4189 Grieth.

168 4218 281 4287 lythol.
300 4220 313 4274 I
331 4236 358 4288 p.
376 4220 436 4275 428.

222 4322 231 4354 ¹
250 4323 290 4378 cf.
308 4322 333 4376 G
360 4322 495 4378 Wissowa
512 4322 573 4377 aa
591 4340 619 4376 a.
637 4322 716 4376 Kult.
735 4322 760 4378 d.
779 4323 859 4378 uum.
878 4340 904 4391 p.
922 4323 953 4377 91
974 4329 1003 4379 et
1021 4323 1079 4377 141.
