3120 4920
478 329 520 382 De
538 327 722 384 Romanorum
740 326 940 395 precationibus
1074 339 1075 342 ’

204 500 337 567 Antbol.
361 498 474 565 Latin.
497 499 514 562 I
537 500 588 582 23,
612 500 647 564 l:

272 603 433 669 Hercules
455 601 590 685 invicte,
612 608 726 668 sancte
748 600 876 668 Silvani
898 620 1008 682 nepos.

122 750 126 754 -
205 705 541 772 bruniacensem.
570 705 700 787 11228,
724 707 758 785 1;
789 706 860 786 868,
884 706 918 785 1;
949 705 986 770 L.
1009 703 1129 770 Accius
1153 704 1299 770 Aenead.

119 808 191 876 sive
220 809 297 874 Dec.
327 807 367 874 fr.
389 810 410 872 4
433 807 596 892 (Ribbeck
617 807 653 873 Π
674 827 704 889 p.
726 808 817 891 326);
848 806 972 890 Vergil.
1001 808 1083 872 Aen.
1112 807 1197 873 VIII
1219 807 1298 888 293;

119 911 177 978 Sil.
198 912 274 977 Ital.
296 911 377 976 Pun.
400 911 417 975 Ι
439 912 513 977 512.

203 1015 257 1080 Ex
269 1015 382 1080 eadem
392 1012 482 1079 illius
495 1013 547 1078 dei
559 1012 710 1094 opinione
718 1031 869 1078 manasse
877 1011 1187 1094 videturepitheton
1195 1013 1298 1078 eicior.

204 1136 254 1183 no.
277 1118 334 1182 39:
357 1116 504 1180 Hercules
525 1118 627 1181 eicior.

204 1219 252 1285 Of.
276 1219 410 1285 Antbol.
425 1219 537 1284 Latin.
552 1219 588 1284 ΙΙ
603 1220 653 1300 22,
672 1220 689 1283 1
714 1217 1027 1302 (Kiepert-Huelsen
1049 1217 1069 1284 l.
1083 1217 1104 1285 1.
1118 1236 1143 1284 1.
1158 1237 1188 1284 v.
1204 1218 1297 1284 Tenn-

119 1322 208 1407 plum
230 1322 383 1387 Herculis
406 1321 542 1388 victoris
564 1321 636 1388 sive
658 1320 777 1387 invicti
799 1341 829 1403 p.
852 1321 916 1405 80).

203 1425 384 1490 Praeterea
395 1425 486 1489 Mars
501 1426 580 1489 deus
595 1424 628 1489 in
642 1423 831 1506 precatione
846 1426 987 1504 quadam
1002 1424 1059 1489 illo
1072 1423 1215 1489 Victoris
1231 1423 1297 1505 epi-

122 1529 215 1594 theto
237 1527 408 1608 praeditus
431 1533 496 1592 est:

203 1649 236 1696 n.
259 1632 316 1697 39:
339 1629 430 1694 Mars
451 1632 547 1694 eicior

205 1733 257 1819 (cf.
279 1734 396 1799 titulos
421 1752 532 1799 sacros
555 1732 627 1798 CIL
649 1733 685 1797 ΙΙ
708 1733 808 1812 2473;
831 1733 895 1798 VII
916 1732 980 1798 425
1003 1731 1086 1816 cet).

203 1836 376 1917 Reliquum
400 1842 459 1918 est,
490 1841 527 1901 ut
549 1835 713 1917 proferam
744 1853 785 1900 ea
814 1835 962 1916 epitheta
991 1833 1093 1918 firma,
1123 1853 1207 1915 quae
1229 1833 1298 1900 sint

120 1938 295 2005 referenda
317 1941 359 2004 ad
382 1940 513 2004 deorum
536 1944 691 2004 naturam
714 1938 1023 2019 proprietatemque.

121 2056 125 2064 ’
205 2043 276 2107 Iam
299 2061 540 2108 commemorem
563 2041 654 2108 Iovis
676 2060 853 2123 cognomen
877 2046 988 2115 castos,
1010 2059 1074 2121 qua
1093 2059 1174 2107 voce
1196 2039 1297 2122 signi-

120 2143 238 2211 ficatur
261 2147 350 2227 deus,
371 2144 427 2225 qui
450 2146 590 2210 tutelam
613 2144 777 2210 hominum
803 2144 950 2225 recipere
972 2144 1064 2210 solet.
1109 2143 1202 2227 Quod
1224 2162 1312 2226 cog·.

119 2267 234 2314 nomen
263 2249 423 2313 Horatius
456 2248 566 2331 (carm.
595 2248 613 2312 Ι
645 2249 694 2330 12,
723 2249 777 2329 49)
805 2248 933 2328 poetico
964 2266 1111 2313 sermone
1140 2266 1218 2312 usus
1247 2247 1299 2312 his

119 2351 229 2417 verbis
251 2351 417 2416 circumit:
441 2351 552 2414 Geniis
573 2351 729 2414 leamareae
750 2356 838 2433 paler
858 2355 950 2434 aiqae
972 2356 1078 2417 castos.

205 2452 258 2538 (ci.
282 2453 398 2519 titulos
421 2472 530 2519 sacros
553 2454 625 2518 CIL
648 2453 695 2518 VI
718 2455 796 2535 376;
827 2455 909 2519 XIV
932 2454 1016 2520 3557
1032 2458 1093 2519 cet.
1144 2454 1298 2535 Kiepert-

119 2555 264 2622 Huelsen
287 2557 307 2621 l.
330 2557 350 2621 l.
372 2576 396 2621 s.
420 2576 449 2624 v.
473 2557 644 2637 Templum
666 2557 754 2623 Iovis
778 2556 952 2641 Custodis).

203 2659 355 2724 Alterum
378 2660 468 2724 Iovis
492 2679 677 2742 cognomen,
700 2662 786 2740 quod
815 2661 879 2725 huc
905 2664 1054 2742 spectare
1076 2659 1217 2742 videtur,
1247 2663 1299 2725 est

119 2763 313 2828 vocabulum
336 2763 468 2843 dapalis.
521 2763 613 2845 Quod
643 2763 814 2845 epitheton
845 2763 1012 2846 attingere
1041 2768 1151 2844 putem
1182 2765 1297 2845 dapem

119 2864 217 2941 illam,
240 2885 324 2946 quae
347 2866 427 2946 lovi,
452 2866 571 2947 quippe
595 2865 652 2946 qui
679 2865 887 2932 existimetur
910 2865 1126 2932 fecunditatis
1148 2865 1298 2948 largitor,

119 2969 308 3053 quotannis,
339 2978 376 3034 ut
407 2969 498 3051 agris
529 2971 624 3036 daret
652 2970 880 3052 fertilitatem,
909 2974 1087 3051 antequam
1116 2968 1219 3036 fiebat
1247 2988 1297 3036 se·

119 3071 247 3153 mentio,
269 3072 397 3137 solebat
419 3072 539 3139 offerri.

203 3194 233 3239 n.
255 3177 312 3240 46:
335 3174 479 3257 luppiter
500 3176 633 3258 dapalis.

203 3277 382 3344 Praeterea
394 3279 447 3344 hic
462 3298 579 3360 ponam
592 3278 681 3344 Iovis
699 3279 867 3360 epitheton
879 3277 1011 3362 Feretri,
1027 3296 1089 3358 quo
1102 3277 1298 3362 designatur

118 3378 176 3444 ille
197 3380 281 3446 caeli
305 3382 393 3464 deus,
418 3383 473 3462 qui
496 3381 632 3446 fulmine
655 3382 735 3447 ferit
747 3381 766 3446 1.

203 3503 233 3548 n.
258 3485 313 3548 14:
337 3484 478 3567 luppiter
499 3482 627 3548 Feretri

204 3585 257 3669 (of.
272 3587 575 3668 Kiepert-Huelsen
590 3588 610 3652 1.
625 3588 645 3652 l.
662 3606 686 3652 s
701 3607 732 3654 v.
754 3587 922 3667 Templum
939 3586 1027 3653 Iovis
1042 3585 1174 3652 Feretri
1189 3605 1218 3668 p.
1234 3587 1298 3670 83).

204 3689 333 3755 Deinde
363 3692 423 3756 hoc
451 3693 520 3757 loco
551 3710 665 3772 ponam
697 3690 831 3756 Iunonis
859 3709 1035 3773 cognomen
1065 3688 1205 3771 Lacino,
1235 3707 1298 3770 quo

119 3792 305 3872 appellatur
327 3793 409 3858 Iuno
432 3794 602 3859 mulierum
626 3795 696 3876 dea,
727 3794 788 3876 cui,
815 3799 854 3859 ut
883 3799 935 3859 est
965 3794 1027 3858 dea
1050 3792 1233 3874 coniugalis
1264 3797 1298 3858 et

117 3894 251 3977 natalie,
274 3897 516 3962 matrimonium
540 3903 720 3979 partusque
743 3905 820 3961 sunt
835 3899 1032 3978 curae,'qua
1056 3897 1096 3961 de
1119 3914 1218 3961 eausa
1241 3914 1297 3960 eas

117 3997 279 4082 mulieres,
303 4019 386 4080 quae
408 4000 441 4064 in
465 4000 622 4081 pariendo
645 4000 734 4065 illius
756 4000 933 4081 implorant
948 3998 1115 4081 auxilium,
1139 3998 1299 4064 adiuvare

118 4101 224 4166 debet.
270 4103 316 4167 At
338 4103 499 4184 principio
522 4103 642 4169 Italica
663 4101 806 4168 fortasse
822 4102 989 4167 existebat
1011 4103 1083 4184 dea,
1106 4101 1159 4167 cui
1181 4119 1298 4167 nomen

118 4207 274 4292 -1111
288 4209 393 4293 O—ethoii
405 4240 477 4306 apud
490 4239 738 4294 Domaszewskium
758 4238 814 4292 Dic
826 4237 954 4306 Relipioa
966 4235 1012 4290 dee
1024 4236 1176 4292 rimisebea
1188 4235 1297 4304 Horrea,

122 4321 221 4377 Wesld.
239 4323 402 4390 Zeitscbrisi
417 4323 440 4392 s.
462 4324 556 4380 Geaclr.
574 4342 601 4380 a.
621 4325 716 4379 Kanai
733 4325 800 4379 XIV
818 4323 908 4392 (1895)
927 4322 940 4375 1
960 4339 985 4392 p.
1006 4322 1057 4377 120
1073 4323 1134 4378 adn
1153 4321 1211 4376 487.
