<?xml version="1.0" encoding="UTF-8"?>
<!DOCTYPE html PUBLIC "-//W3C//DTD XHTML 1.0 Transitional//EN"
    "http://www.w3.org/TR/xhtml1/DTD/xhtml1-transitional.dtd">
<html xmlns="http://www.w3.org/1999/xhtml" xml:lang="en" lang="en">
 <head>
  <title>
</title>
<meta http-equiv="Content-Type" content="text/html;charset=utf-8" />
  <meta name='ocr-system' content='tesseract 3.04.00' />
  <meta name='ocr-capabilities' content='ocr_page ocr_carea ocr_par ocr_line ocrx_word'/>
</head>
<body>
  <div class='ocr_page' id='page_1' title='image "./deprecationumro00appegoog_0034.png"; bbox 0 0 3120 4920; ppageno 0'>
   <div class='ocr_carea' id='block_1_1' title="bbox 509 335 1325 409">
    <p class='ocr_par' dir='ltr' id='par_1_1' title="bbox 509 335 1325 409">
     <span class='ocr_line' id='line_1_1' title="bbox 509 335 1325 409; baseline 0.001 -18"><span class='ocrx_word' id='word_1_1' title='bbox 509 337 551 391; x_wconf 88' lang='lat' dir='ltr'><strong>De</strong></span> <span class='ocrx_word' id='word_1_2' title='bbox 568 336 750 409; x_wconf 78' lang='lat' dir='ltr'><strong>Rpmanornm</strong></span> <span class='ocrx_word' id='word_1_3' title='bbox 767 335 966 404; x_wconf 77' lang='lat' dir='ltr'><strong>precationibus</strong></span> <span class='ocrx_word' id='word_1_4' title='bbox 1283 337 1325 402; x_wconf 79' lang='grc'><strong>77</strong></span> 
     </span>
    </p>
   </div>
   <div class='ocr_carea' id='block_1_2' title="bbox 141 507 1331 2644">
    <p class='ocr_par' dir='ltr' id='par_1_2' title="bbox 141 507 1328 1310">
     <span class='ocr_line' id='line_1_2' title="bbox 144 507 1325 591; baseline -0.003 -17"><span class='ocrx_word' id='word_1_5' title='bbox 144 509 267 574; x_wconf 80' lang='lat' dir='ltr'><strong>Dasius</strong></span> <span class='ocrx_word' id='word_1_6' title='bbox 288 508 435 572; x_wconf 72' lang='lat' dir='ltr'><strong>Breucos</strong></span> <span class='ocrx_word' id='word_1_7' title='bbox 464 509 536 570; x_wconf 76' lang='lat' dir='ltr'><strong>cmii</strong></span> <span class='ocrx_word' id='word_1_8' title='bbox 565 507 779 587; x_wconf 76' lang='lat' dir='ltr'><strong>mancipioque</strong></span> <span class='ocrx_word' id='word_1_9' title='bbox 800 507 916 589; x_wconf 83' lang='lat' dir='ltr'><strong>accepit</strong></span> <span class='ocrx_word' id='word_1_10' title='bbox 942 526 1076 586; x_wconf 78' lang='lat' dir='ltr'><strong>pueram</strong></span> <span class='ocrx_word' id='word_1_11' title='bbox 1106 507 1325 591; x_wconf 75' lang='lat' dir='ltr'><em>Apolaustum,</em></span> 
     </span>
     <span class='ocr_line' id='line_1_3' title="bbox 141 607 1324 695; baseline -0.002 -17"><span class='ocrx_word' id='word_1_12' title='bbox 141 616 208 678; x_wconf 77' lang='lat' dir='ltr'><strong>sive</strong></span> <span class='ocrx_word' id='word_1_13' title='bbox 221 614 251 677; x_wconf 82' lang='lat' dir='ltr'><strong>is</strong></span> <span class='ocrx_word' id='word_1_14' title='bbox 265 632 326 695; x_wconf 85' lang='lat' dir='ltr'><strong>quo</strong></span> <span class='ocrx_word' id='word_1_15' title='bbox 339 611 403 675; x_wconf 79' lang='lat' dir='ltr'><strong>alio</strong></span> <span class='ocrx_word' id='word_1_16' title='bbox 416 612 539 673; x_wconf 78' lang='lat' dir='ltr'><strong>corsiae</strong></span> <span class='ocrx_word' id='word_1_17' title='bbox 553 614 606 692; x_wconf 80' lang='lat' dir='ltr'><strong>est,</strong></span> <span class='ocrx_word' id='word_1_18' title='bbox 628 611 752 672; x_wconf 79' lang='lat' dir='ltr'><strong>actione</strong></span> <span class='ocrx_word' id='word_1_19' title='bbox 768 607 931 673; x_wconf 70' lang='lat' dir='ltr'><strong>Graecam.</strong></span> <span class='ocrx_word' id='word_1_20' title='bbox 978 608 1025 678; x_wconf 80' lang='lat' dir='ltr'><strong>ef.</strong></span> <span class='ocrx_word' id='word_1_21' title='bbox 1045 609 1177 692; x_wconf 84' lang='lat' dir='ltr'><strong>Emptio</strong></span> <span class='ocrx_word' id='word_1_22' title='bbox 1193 611 1324 692; x_wconf 86' lang='lat' dir='ltr'><strong>puellae</strong></span> 
     </span>
     <span class='ocr_line' id='line_1_4' title="bbox 145 711 1327 796; baseline -0.003 -14"><span class='ocrx_word' id='word_1_23' title='bbox 145 734 193 782; x_wconf 86' lang='lat' dir='ltr'><strong>vs.</strong></span> <span class='ocrx_word' id='word_1_24' title='bbox 215 717 235 780; x_wconf 99' lang='grc'>2</span> <span class='ocrx_word' id='word_1_25' title='bbox 257 714 380 796; x_wconf 83' lang='lat' dir='ltr'><strong>(Bruns</strong></span> <span class='ocrx_word' id='word_1_26' title='bbox 401 733 431 794; x_wconf 91' lang='lat' dir='ltr'><strong>p.</strong></span> <span class='ocrx_word' id='word_1_27' title='bbox 446 712 538 795; x_wconf 82' lang='grc'>289);</span> <span class='ocrx_word' id='word_1_28' title='bbox 560 711 693 793; x_wconf 83' lang='lat' dir='ltr'><strong>Emptio</strong></span> <span class='ocrx_word' id='word_1_29' title='bbox 715 711 857 776; x_wconf 86' lang='lat' dir='ltr'><strong>ancillae</strong></span> <span class='ocrx_word' id='word_1_30' title='bbox 879 713 962 778; x_wconf 77' lang='lat' dir='ltr'><strong>vad</strong></span> <span class='ocrx_word' id='word_1_31' title='bbox 985 712 1106 796; x_wconf 77' lang='lat' dir='ltr'><strong>(Bruns</strong></span> <span class='ocrx_word' id='word_1_32' title='bbox 1129 732 1159 794; x_wconf 89' lang='lat' dir='ltr'><strong>p.</strong></span> <span class='ocrx_word' id='word_1_33' title='bbox 1183 714 1269 796; x_wconf 87' lang='grc'>290).</span> <span class='ocrx_word' id='word_1_34' title='bbox 1283 749 1327 760; x_wconf 89' lang='grc'><strong>-</strong></span> 
     </span>
     <span class='ocr_line' id='line_1_5' title="bbox 146 814 1328 900; baseline -0.005 -16"><span class='ocrx_word' id='word_1_35' title='bbox 146 817 291 884; x_wconf 87' lang='lat' dir='ltr'><strong>Donatio</strong></span> <span class='ocrx_word' id='word_1_36' title='bbox 327 815 435 882; x_wconf 88' lang='lat' dir='ltr'><strong>Iuliae</strong></span> <span class='ocrx_word' id='word_1_37' title='bbox 465 815 625 881; x_wconf 87' lang='lat' dir='ltr'><strong>Monimes</strong></span> <span class='ocrx_word' id='word_1_38' title='bbox 661 833 708 881; x_wconf 88' lang='lat' dir='ltr'><strong>vs.</strong></span> <span class='ocrx_word' id='word_1_39' title='bbox 739 816 757 880; x_wconf 89' lang='lat'>1</span> <span class='ocrx_word' id='word_1_40' title='bbox 789 814 909 899; x_wconf 85' lang='lat' dir='ltr'><strong>(Bruns</strong></span> <span class='ocrx_word' id='word_1_41' title='bbox 945 835 976 897; x_wconf 89' lang='lat' dir='ltr'><strong>p.</strong></span> <span class='ocrx_word' id='word_1_42' title='bbox 1005 817 1097 900; x_wconf 84' lang='grc'>296);</span> <span class='ocrx_word' id='word_1_43' title='bbox 1135 814 1239 879; x_wconf 81' lang='lat' dir='ltr'><strong>Locus</strong></span> <span class='ocrx_word' id='word_1_44' title='bbox 1266 817 1328 879; x_wconf 80' lang='lat' dir='ltr'><strong>sice</strong></span> 
     </span>
     <span class='ocr_line' id='line_1_6' title="bbox 144 917 1327 1001; baseline -0.001 -16"><span class='ocrx_word' id='word_1_45' title='bbox 144 922 273 1001; x_wconf 75' lang='lat' dir='ltr'><strong>isuper</strong></span> <span class='ocrx_word' id='word_1_46' title='bbox 302 924 354 984; x_wconf 83' lang='lat' dir='ltr'><strong>est.</strong></span> <span class='ocrx_word' id='word_1_47' title='bbox 398 918 550 984; x_wconf 88' lang='lat' dir='ltr'><strong>Vidimus</strong></span> <span class='ocrx_word' id='word_1_48' title='bbox 580 917 685 1000; x_wconf 85' lang='lat' dir='ltr'><strong>igitur</strong></span> <span class='ocrx_word' id='word_1_49' title='bbox 714 917 941 999; x_wconf 80' lang='lat' dir='ltr'><strong>precationum</strong></span> <span class='ocrx_word' id='word_1_50' title='bbox 971 937 1011 983; x_wconf 87' lang='lat' dir='ltr'><strong>aa</strong></span> <span class='ocrx_word' id='word_1_51' title='bbox 1040 918 1227 999; x_wconf 83' lang='lat' dir='ltr'><strong>pactionum</strong></span> <span class='ocrx_word' id='word_1_52' title='bbox 1258 936 1327 984; x_wconf 89' lang='lat' dir='ltr'><strong>ser·</strong></span> 
     </span>
     <span class='ocr_line' id='line_1_7' title="bbox 145 1019 1328 1089; baseline -0.003 0"><span class='ocrx_word' id='word_1_53' title='bbox 145 1041 275 1089; x_wconf 91' lang='lat' dir='ltr'><strong>monem</strong></span> <span class='ocrx_word' id='word_1_54' title='bbox 297 1023 360 1088; x_wconf 88' lang='lat' dir='ltr'><strong>hac</strong></span> <span class='ocrx_word' id='word_1_55' title='bbox 381 1041 417 1087; x_wconf 89' lang='lat' dir='ltr'><strong>re</strong></span> <span class='ocrx_word' id='word_1_56' title='bbox 432 1020 522 1087; x_wconf 85' lang='lat' dir='ltr'><strong>inter</strong></span> <span class='ocrx_word' id='word_1_57' title='bbox 540 1040 614 1086; x_wconf 86' lang='lat' dir='ltr'><strong>sese</strong></span> <span class='ocrx_word' id='word_1_58' title='bbox 636 1019 830 1086; x_wconf 86' lang='lat' dir='ltr'><strong>consentire.</strong></span> <span class='ocrx_word' id='word_1_59' title='bbox 872 1021 944 1086; x_wconf 92' lang='lat' dir='ltr'><strong>Hoc</strong></span> <span class='ocrx_word' id='word_1_60' title='bbox 966 1021 1061 1086; x_wconf 87' lang='lat' dir='ltr'><strong>nobis</strong></span> <span class='ocrx_word' id='word_1_61' title='bbox 1083 1020 1240 1086; x_wconf 88' lang='lat' dir='ltr'><strong>memoria</strong></span> <span class='ocrx_word' id='word_1_62' title='bbox 1262 1020 1328 1087; x_wconf 85' lang='lat' dir='ltr'><strong>erit</strong></span> 
     </span>
     <span class='ocr_line' id='line_1_8' title="bbox 147 1121 1327 1207; baseline -0.002 -17"><span class='ocrx_word' id='word_1_63' title='bbox 147 1127 334 1207; x_wconf 88' lang='lat' dir='ltr'><strong>tenendum,</strong></span> <span class='ocrx_word' id='word_1_64' title='bbox 356 1143 432 1189; x_wconf 90' lang='lat' dir='ltr'><strong>nam</strong></span> <span class='ocrx_word' id='word_1_65' title='bbox 446 1125 645 1205; x_wconf 83' lang='lat' dir='ltr'><strong>procedente</strong></span> <span class='ocrx_word' id='word_1_66' title='bbox 660 1123 814 1204; x_wconf 90' lang='lat' dir='ltr'><strong>opusculo</strong></span> <span class='ocrx_word' id='word_1_67' title='bbox 837 1121 902 1188; x_wconf 89' lang='lat' dir='ltr'><strong>iam</strong></span> <span class='ocrx_word' id='word_1_68' title='bbox 917 1124 1029 1204; x_wconf 87' lang='lat' dir='ltr'><strong>plures</strong></span> <span class='ocrx_word' id='word_1_69' title='bbox 1052 1127 1190 1205; x_wconf 84' lang='lat' dir='ltr'><strong>surgent</strong></span> <span class='ocrx_word' id='word_1_70' title='bbox 1212 1122 1327 1188; x_wconf 90' lang='lat' dir='ltr'><strong>simili·</strong></span> 
     </span>
     <span class='ocr_line' id='line_1_9' title="bbox 147 1226 608 1310; baseline -0.009 -16"><span class='ocrx_word' id='word_1_71' title='bbox 147 1229 280 1294; x_wconf 84' lang='lat' dir='ltr'><strong>tudines</strong></span> <span class='ocrx_word' id='word_1_72' title='bbox 302 1228 447 1293; x_wconf 90' lang='lat' dir='ltr'><strong>eiusdem</strong></span> <span class='ocrx_word' id='word_1_73' title='bbox 468 1226 608 1310; x_wconf 86' lang='lat' dir='ltr'><strong>generis.</strong></span> 
     </span>
    </p>

    <p class='ocr_par' dir='ltr' id='par_1_3' title="bbox 143 1327 1331 2644">
     <span class='ocr_line' id='line_1_10' title="bbox 234 1327 1327 1409; baseline -0.001 -13"><span class='ocrx_word' id='word_1_74' title='bbox 234 1329 346 1396; x_wconf 85' lang='lat' dir='ltr'><strong>Etiam</strong></span> <span class='ocrx_word' id='word_1_75' title='bbox 361 1330 560 1396; x_wconf 81' lang='lat' dir='ltr'><strong>Graecorum</strong></span> <span class='ocrx_word' id='word_1_76' title='bbox 576 1329 611 1394; x_wconf 93' lang='lat' dir='ltr'><strong>in</strong></span> <span class='ocrx_word' id='word_1_77' title='bbox 625 1328 751 1394; x_wconf 83' lang='lat' dir='ltr'><strong>litteris</strong></span> <span class='ocrx_word' id='word_1_78' title='bbox 760 1329 880 1403; x_wconf 55' lang='lat' dir='ltr'><strong>‚eadem</strong></span> <span class='ocrx_word' id='word_1_79' title='bbox 895 1327 966 1394; x_wconf 86' lang='lat' dir='ltr'><strong>fere</strong></span> <span class='ocrx_word' id='word_1_80' title='bbox 981 1327 1122 1394; x_wconf 87' lang='lat' dir='ltr'><strong>formula</strong></span> <span class='ocrx_word' id='word_1_81' title='bbox 1133 1327 1327 1409; x_wconf 87' lang='lat' dir='ltr'><strong>saepissime</strong></span> 
     </span>
     <span class='ocr_line' id='line_1_11' title="bbox 145 1430 1328 1513; baseline -0.003 -14"><span class='ocrx_word' id='word_1_82' title='bbox 145 1433 327 1500; x_wconf 89' lang='lat' dir='ltr'><strong>invenitur.</strong></span> <span class='ocrx_word' id='word_1_83' title='bbox 380 1432 432 1497; x_wconf 82' lang='lat' dir='ltr'><strong>Ex</strong></span> <span class='ocrx_word' id='word_1_84' title='bbox 453 1431 584 1499; x_wconf 88' lang='lat' dir='ltr'><strong>infinita</strong></span> <span class='ocrx_word' id='word_1_85' title='bbox 606 1431 700 1512; x_wconf 88' lang='lat' dir='ltr'><strong>copia</strong></span> <span class='ocrx_word' id='word_1_86' title='bbox 721 1450 785 1496; x_wconf 95' lang='lat' dir='ltr'><strong>non</strong></span> <span class='ocrx_word' id='word_1_87' title='bbox 808 1430 873 1495; x_wconf 88' lang='lat' dir='ltr'><strong>nisi</strong></span> <span class='ocrx_word' id='word_1_88' title='bbox 895 1433 958 1497; x_wconf 89' lang='lat' dir='ltr'><strong>duo</strong></span> <span class='ocrx_word' id='word_1_89' title='bbox 981 1431 1132 1513; x_wconf 86' lang='lat' dir='ltr'><strong>exempla</strong></span> <span class='ocrx_word' id='word_1_90' title='bbox 1154 1431 1328 1513; x_wconf 87' lang='lat' dir='ltr'><strong>proferam.</strong></span> 
     </span>
     <span class='ocr_line' id='line_1_12' title="bbox 149 1529 1329 1619; baseline -0.004 -17"><span class='ocrx_word' id='word_1_91' title='bbox 149 1536 298 1617; x_wconf 85' lang='lat' dir='ltr'><strong>Euripid.</strong></span> <span class='ocrx_word' id='word_1_92' title='bbox 314 1534 431 1617; x_wconf 85' lang='lat' dir='ltr'><strong>fragm.</strong></span> <span class='ocrx_word' id='word_1_93' title='bbox 446 1536 518 1616; x_wconf 85' lang='grc'>912,</span> <span class='ocrx_word' id='word_1_94' title='bbox 534 1536 553 1598; x_wconf 94' lang='grc'>2</span> <span class='ocrx_word' id='word_1_95' title='bbox 574 1535 704 1619; x_wconf 86' lang='lat' dir='ltr'><strong>(Nauck</strong></span> <span class='ocrx_word' id='word_1_96' title='bbox 715 1534 756 1617; x_wconf 53' lang='grc' dir='ltr'><strong>ῆς</strong></span> <span class='ocrx_word' id='word_1_97' title='bbox 786 1532 866 1607; x_wconf 83' lang='grc' dir='ltr'><strong><em>Ζεὺς</em></strong></span> <span class='ocrx_word' id='word_1_98' title='bbox 889 1529 945 1595; x_wconf 77' lang='grc' dir='ltr'><strong>εἴτ’</strong></span> <span class='ocrx_word' id='word_1_99' title='bbox 960 1530 1072 1618; x_wconf 54' lang='grc' dir='ltr'><em>(Ἅιδης</em></span> <span class='ocrx_word' id='word_1_100' title='bbox 1094 1530 1329 1614; x_wconf 84' lang='grc' dir='ltr'><strong><em>ὀνομαζόμενος</em></strong></span> 
     </span>
     <span class='ocr_line' id='line_1_13' title="bbox 143 1627 1328 1722; baseline 0 -24"><span class='ocrx_word' id='word_1_101' title='bbox 143 1641 291 1722; x_wconf 70' lang='grc' dir='ltr'><strong><em>,στέρνοις</em></strong></span> <span class='ocrx_word' id='word_1_102' title='bbox 312 1642 346 1702; x_wconf 85' lang='lat' dir='ltr'><strong>et</strong></span> <span class='ocrx_word' id='word_1_103' title='bbox 361 1636 485 1702; x_wconf 87' lang='lat' dir='ltr'><strong>Iuliani</strong></span> <span class='ocrx_word' id='word_1_104' title='bbox 506 1635 1016 1720; x_wconf 78' lang='lat' dir='ltr'><strong>oratV111231A(Hert1ein):</strong></span> <span class='ocrx_word' id='word_1_105' title='bbox 1042 1627 1080 1698; x_wconf 71' lang='grc' dir='ltr'><em>Ὦ</em></span> <span class='ocrx_word' id='word_1_106' title='bbox 1100 1643 1162 1698; x_wconf 85' lang='grc' dir='ltr'><strong>Ζεῦ</strong></span> <span class='ocrx_word' id='word_1_107' title='bbox 1183 1637 1287 1720; x_wconf 78' lang='grc' dir='ltr'><strong><em>πάτερ</em></strong></span> <span class='ocrx_word' id='word_1_108' title='bbox 1308 1632 1328 1717; x_wconf 79' lang='grc' dir='ltr'>ἢ</span> 
     </span>
     <span class='ocr_line' id='line_1_14' title="bbox 146 1734 1330 1824; baseline 0.001 -20"><span class='ocrx_word' id='word_1_109' title='bbox 146 1739 200 1804; x_wconf 71' lang='grc' dir='ltr'><strong>ὅτι</strong></span> <span class='ocrx_word' id='word_1_110' title='bbox 223 1760 277 1804; x_wconf 88' lang='grc' dir='ltr'><strong>σοι</strong></span> <span class='ocrx_word' id='word_1_111' title='bbox 299 1739 396 1824; x_wconf 77' lang='grc' dir='ltr'><strong><em>φίλον</em></strong></span> <span class='ocrx_word' id='word_1_112' title='bbox 418 1737 520 1820; x_wconf 80' lang='grc' dir='ltr'><strong><em>ὄνομα</em></strong></span> <span class='ocrx_word' id='word_1_113' title='bbox 535 1738 590 1801; x_wconf 88' lang='grc' dir='ltr'><strong>καὶ</strong></span> <span class='ocrx_word' id='word_1_114' title='bbox 609 1737 702 1812; x_wconf 76' lang='grc' dir='ltr'><em>ὅπως</em></span> <span class='ocrx_word' id='word_1_115' title='bbox 721 1734 950 1818; x_wconf 74' lang='grc' dir='ltr'><strong><em>ὀνομάζεσθαι.</em></strong></span> <span class='ocrx_word' id='word_1_116' title='bbox 993 1739 1058 1804; x_wconf 85' lang='lat' dir='ltr'><strong>Sed</strong></span> <span class='ocrx_word' id='word_1_117' title='bbox 1075 1739 1254 1805; x_wconf 86' lang='lat' dir='ltr'><strong>verisimile</strong></span> <span class='ocrx_word' id='word_1_118' title='bbox 1277 1742 1330 1805; x_wconf 79' lang='lat' dir='ltr'><strong>est</strong></span> 
     </span>
     <span class='ocr_line' id='line_1_15' title="bbox 147 1842 1329 1923; baseline -0.003 -14"><span class='ocrx_word' id='word_1_119' title='bbox 147 1842 241 1909; x_wconf 90' lang='lat' dir='ltr'><strong>illam</strong></span> <span class='ocrx_word' id='word_1_120' title='bbox 265 1842 449 1920; x_wconf 82' lang='lat' dir='ltr'><strong>formulam,</strong></span> <span class='ocrx_word' id='word_1_121' title='bbox 480 1842 600 1923; x_wconf 91' lang='lat' dir='ltr'><strong>quippe</strong></span> <span class='ocrx_word' id='word_1_122' title='bbox 630 1860 713 1922; x_wconf 89' lang='lat' dir='ltr'><strong>quae</strong></span> <span class='ocrx_word' id='word_1_123' title='bbox 743 1860 807 1907; x_wconf 90' lang='lat' dir='ltr'><strong>non</strong></span> <span class='ocrx_word' id='word_1_124' title='bbox 837 1847 952 1906; x_wconf 87' lang='lat' dir='ltr'><strong>contra</strong></span> <span class='ocrx_word' id='word_1_125' title='bbox 981 1842 1119 1907; x_wconf 86' lang='lat' dir='ltr'><strong>Romani</strong></span> <span class='ocrx_word' id='word_1_126' title='bbox 1151 1844 1258 1907; x_wconf 89' lang='lat' dir='ltr'><strong>cultus</strong></span> <span class='ocrx_word' id='word_1_127' title='bbox 1290 1860 1329 1907; x_wconf 89' lang='lat' dir='ltr'><strong>ac</strong></span> 
     </span>
     <span class='ocr_line' id='line_1_16' title="bbox 143 1943 1329 2029; baseline -0.002 -18"><span class='ocrx_word' id='word_1_128' title='bbox 143 1945 319 2029; x_wconf 79' lang='lat' dir='ltr'><strong>religionis</strong></span> <span class='ocrx_word' id='word_1_129' title='bbox 333 1950 488 2011; x_wconf 85' lang='lat' dir='ltr'><strong>naturam</strong></span> <span class='ocrx_word' id='word_1_130' title='bbox 504 1949 578 2010; x_wconf 87' lang='lat' dir='ltr'><strong>orta</strong></span> <span class='ocrx_word' id='word_1_131' title='bbox 593 1962 666 2010; x_wconf 87' lang='lat' dir='ltr'><strong>esse</strong></span> <span class='ocrx_word' id='word_1_132' title='bbox 681 1943 837 2009; x_wconf 84' lang='lat' dir='ltr'><strong>videatur</strong></span> <span class='ocrx_word' id='word_1_133' title='bbox 848 1948 950 2024; x_wconf 87' lang='lat' dir='ltr'><strong>atque</strong></span> <span class='ocrx_word' id='word_1_134' title='bbox 961 1943 1027 2008; x_wconf 91' lang='lat' dir='ltr'><strong>iam</strong></span> <span class='ocrx_word' id='word_1_135' title='bbox 1043 1943 1078 2009; x_wconf 92' lang='lat' dir='ltr'><strong>in</strong></span> <span class='ocrx_word' id='word_1_136' title='bbox 1093 1943 1329 2011; x_wconf 87' lang='lat' dir='ltr'><strong>vetustissimis</strong></span> 
     </span>
     <span class='ocr_line' id='line_1_17' title="bbox 149 2046 1330 2130; baseline -0.001 -17"><span class='ocrx_word' id='word_1_137' title='bbox 149 2047 397 2130; x_wconf 86' lang='lat' dir='ltr'><strong>precationibus</strong></span> <span class='ocrx_word' id='word_1_138' title='bbox 426 2047 583 2112; x_wconf 84' lang='lat' dir='ltr'><strong>Romanis</strong></span> <span class='ocrx_word' id='word_1_139' title='bbox 613 2046 706 2112; x_wconf 89' lang='lat' dir='ltr'><strong>nobis</strong></span> <span class='ocrx_word' id='word_1_140' title='bbox 736 2051 901 2128; x_wconf 84' lang='lat' dir='ltr'><strong>occurrat,</strong></span> <span class='ocrx_word' id='word_1_141' title='bbox 931 2065 1002 2112; x_wconf 89' lang='lat' dir='ltr'><strong>esse</strong></span> <span class='ocrx_word' id='word_1_142' title='bbox 1031 2066 1110 2112; x_wconf 85' lang='lat' dir='ltr'><strong>vere</strong></span> <span class='ocrx_word' id='word_1_143' title='bbox 1140 2046 1330 2112; x_wconf 82' lang='lat' dir='ltr'><strong>Romanam</strong></span> 
     </span>
     <span class='ocr_line' id='line_1_18' title="bbox 145 2149 1330 2233; baseline -0.001 -18"><span class='ocrx_word' id='word_1_144' title='bbox 145 2151 244 2233; x_wconf 79' lang='lat' dir='ltr'><strong>Quod</strong></span> <span class='ocrx_word' id='word_1_145' title='bbox 282 2169 362 2220; x_wconf 83' lang='lat' dir='ltr'><strong>vero</strong></span> <span class='ocrx_word' id='word_1_146' title='bbox 402 2149 527 2215; x_wconf 87' lang='lat' dir='ltr'><strong>attinet</strong></span> <span class='ocrx_word' id='word_1_147' title='bbox 570 2151 613 2214; x_wconf 89' lang='lat' dir='ltr'><strong>ad</strong></span> <span class='ocrx_word' id='word_1_148' title='bbox 653 2153 825 2230; x_wconf 88' lang='lat' dir='ltr'><strong>poetarum</strong></span> <span class='ocrx_word' id='word_1_149' title='bbox 864 2149 1098 2232; x_wconf 86' lang='lat' dir='ltr'><strong>Romanorum,</strong></span> <span class='ocrx_word' id='word_1_150' title='bbox 1144 2168 1224 2230; x_wconf 90' lang='lat' dir='ltr'><strong>quos</strong></span> <span class='ocrx_word' id='word_1_151' title='bbox 1265 2168 1330 2215; x_wconf 93' lang='lat' dir='ltr'><strong>non</strong></span> 
     </span>
     <span class='ocr_line' id='line_1_19' title="bbox 144 2251 1329 2335; baseline -0.002 -15"><span class='ocrx_word' id='word_1_152' title='bbox 144 2253 317 2335; x_wconf 86' lang='lat' dir='ltr'><strong>omittam,</strong></span> <span class='ocrx_word' id='word_1_153' title='bbox 339 2252 435 2334; x_wconf 74' lang='lat' dir='ltr'><strong>locon,</strong></span> <span class='ocrx_word' id='word_1_154' title='bbox 465 2252 600 2318; x_wconf 92' lang='lat' dir='ltr'><strong>dubium</strong></span> <span class='ocrx_word' id='word_1_155' title='bbox 630 2257 697 2333; x_wconf 81' lang='lat' dir='ltr'><strong>est,</strong></span> <span class='ocrx_word' id='word_1_156' title='bbox 727 2257 835 2316; x_wconf 88' lang='lat' dir='ltr'><strong>utrum</strong></span> <span class='ocrx_word' id='word_1_157' title='bbox 864 2251 994 2317; x_wconf 88' lang='lat' dir='ltr'><strong>illorum</strong></span> <span class='ocrx_word' id='word_1_158' title='bbox 1023 2251 1183 2319; x_wconf 86' lang='lat' dir='ltr'><strong>formulae</strong></span> <span class='ocrx_word' id='word_1_159' title='bbox 1212 2271 1329 2334; x_wconf 86' lang='lat' dir='ltr'><strong>nempe</strong></span> 
     </span>
     <span class='ocr_line' id='line_1_20' title="bbox 150 2353 1331 2437; baseline -0.001 -16"><span class='ocrx_word' id='word_1_160' title='bbox 150 2355 280 2437; x_wconf 86' lang='lat' dir='ltr'><strong>poetice</strong></span> <span class='ocrx_word' id='word_1_161' title='bbox 303 2355 470 2421; x_wconf 86' lang='lat' dir='ltr'><strong>alteratae</strong></span> <span class='ocrx_word' id='word_1_162' title='bbox 493 2354 701 2420; x_wconf 87' lang='lat' dir='ltr'><strong>manaverint</strong></span> <span class='ocrx_word' id='word_1_163' title='bbox 723 2373 764 2419; x_wconf 81' lang='lat' dir='ltr'><strong>ex</strong></span> <span class='ocrx_word' id='word_1_164' title='bbox 786 2353 875 2421; x_wconf 87' lang='lat' dir='ltr'><strong>veris</strong></span> <span class='ocrx_word' id='word_1_165' title='bbox 897 2354 1145 2435; x_wconf 88' lang='lat' dir='ltr'><strong>precationibus</strong></span> <span class='ocrx_word' id='word_1_166' title='bbox 1167 2355 1331 2437; x_wconf 84' lang='lat' dir='ltr'><strong>Romanis,</strong></span> 
     </span>
     <span class='ocr_line' id='line_1_21' title="bbox 145 2457 1331 2538; baseline -0.001 -14"><span class='ocrx_word' id='word_1_167' title='bbox 145 2478 194 2524; x_wconf 86' lang='lat' dir='ltr'><strong>an</strong></span> <span class='ocrx_word' id='word_1_168' title='bbox 221 2463 315 2524; x_wconf 89' lang='lat' dir='ltr'><strong>ortae</strong></span> <span class='ocrx_word' id='word_1_169' title='bbox 344 2457 412 2524; x_wconf 89' lang='lat' dir='ltr'><strong>sint</strong></span> <span class='ocrx_word' id='word_1_170' title='bbox 444 2477 485 2524; x_wconf 81' lang='lat' dir='ltr'><strong>ex</strong></span> <span class='ocrx_word' id='word_1_171' title='bbox 515 2457 641 2524; x_wconf 83' lang='lat' dir='ltr'><strong>Gracco</strong></span> <span class='ocrx_word' id='word_1_172' title='bbox 674 2458 814 2538; x_wconf 86' lang='lat' dir='ltr'><strong>quodam</strong></span> <span class='ocrx_word' id='word_1_173' title='bbox 844 2457 1024 2538; x_wconf 83' lang='lat' dir='ltr'><strong>exemplari</strong></span> <span class='ocrx_word' id='word_1_174' title='bbox 1059 2460 1102 2523; x_wconf 87' lang='lat' dir='ltr'><strong>ad</strong></span> <span class='ocrx_word' id='word_1_175' title='bbox 1136 2457 1331 2523; x_wconf 90' lang='lat' dir='ltr'><strong>imitandum</strong></span> 
     </span>
     <span class='ocr_line' id='line_1_22' title="bbox 151 2560 328 2644; baseline -0.006 -17"><span class='ocrx_word' id='word_1_176' title='bbox 151 2560 328 2644; x_wconf 87' lang='lat' dir='ltr'><strong>proposito.</strong></span> 
     </span>
    </p>
   </div>
   <div class='ocr_carea' id='block_1_3' title="bbox 239 2680 805 2747">
    <p class='ocr_par' dir='ltr' id='par_1_4' title="bbox 239 2680 805 2747">
     <span class='ocr_line' id='line_1_23' title="bbox 239 2680 805 2747; baseline -0.004 -1"><span class='ocrx_word' id='word_1_177' title='bbox 239 2680 359 2747; x_wconf 82' lang='lat' dir='ltr'><strong>Catull.</strong></span> <span class='ocrx_word' id='word_1_178' title='bbox 380 2681 532 2746; x_wconf 86' lang='lat' dir='ltr'>XXXIV</span> <span class='ocrx_word' id='word_1_179' title='bbox 554 2682 594 2745; x_wconf 82' lang='lat'><strong>21</strong></span> <span class='ocrx_word' id='word_1_180' title='bbox 619 2682 659 2745; x_wconf 88' lang='lat' dir='ltr'><strong>de</strong></span> <span class='ocrx_word' id='word_1_181' title='bbox 681 2680 805 2745; x_wconf 90' lang='lat' dir='ltr'><strong>Diana:</strong></span> 
     </span>
    </p>
   </div>
   <div class='ocr_carea' id='block_1_4' title="bbox 306 2800 797 2969">
    <p class='ocr_par' dir='ltr' id='par_1_5' title="bbox 306 2800 797 2969">
     <span class='ocr_line' id='line_1_24' title="bbox 306 2800 797 2882; baseline -0.004 -16"><span class='ocrx_word' id='word_1_182' title='bbox 306 2801 360 2866; x_wconf 84' lang='lat' dir='ltr'><strong>Sis</strong></span> <span class='ocrx_word' id='word_1_183' title='bbox 382 2819 582 2881; x_wconf 91' lang='lat' dir='ltr'><strong>quocumque</strong></span> <span class='ocrx_word' id='word_1_184' title='bbox 601 2800 666 2865; x_wconf 89' lang='lat' dir='ltr'><strong>tibi</strong></span> <span class='ocrx_word' id='word_1_185' title='bbox 687 2801 797 2882; x_wconf 89' lang='lat' dir='ltr'><strong>placet</strong></span> 
     </span>
     <span class='ocr_line' id='line_1_25' title="bbox 307 2902 577 2969; baseline -0.004 -1"><span class='ocrx_word' id='word_1_186' title='bbox 307 2909 425 2969; x_wconf 87' lang='lat' dir='ltr'><strong>sancta</strong></span> <span class='ocrx_word' id='word_1_187' title='bbox 447 2902 577 2968; x_wconf 92' lang='lat' dir='ltr'><strong>nomine</strong></span> 
     </span>
    </p>
   </div>
   <div class='ocr_carea' id='block_1_5' title="bbox 239 3021 970 3498">
    <p class='ocr_par' dir='ltr' id='par_1_6' title="bbox 239 3021 970 3309">
     <span class='ocr_line' id='line_1_26' title="bbox 239 3021 970 3104; baseline -0.001 -15"><span class='ocrx_word' id='word_1_188' title='bbox 239 3023 355 3089; x_wconf 89' lang='lat' dir='ltr'><strong>Horat.</strong></span> <span class='ocrx_word' id='word_1_189' title='bbox 380 3042 476 3088; x_wconf 88' lang='lat' dir='ltr'><strong>carm.</strong></span> <span class='ocrx_word' id='word_1_190' title='bbox 499 3041 583 3088; x_wconf 88' lang='lat' dir='ltr'><strong>saec.</strong></span> <span class='ocrx_word' id='word_1_191' title='bbox 608 3024 724 3103; x_wconf 82' lang='lat' dir='ltr'><strong>13sqq.</strong></span> <span class='ocrx_word' id='word_1_192' title='bbox 747 3025 788 3087; x_wconf 92' lang='lat' dir='ltr'><strong>de</strong></span> <span class='ocrx_word' id='word_1_193' title='bbox 811 3021 970 3104; x_wconf 90' lang='lat' dir='ltr'><strong>Ilithyia:</strong></span> 
     </span>
     <span class='ocr_line' id='line_1_27' title="bbox 307 3125 845 3206; baseline 0 -16"><span class='ocrx_word' id='word_1_194' title='bbox 307 3125 385 3190; x_wconf 87' lang='lat' dir='ltr'><strong>Rite</strong></span> <span class='ocrx_word' id='word_1_195' title='bbox 409 3131 555 3190; x_wconf 87' lang='lat' dir='ltr'><strong>maturos</strong></span> <span class='ocrx_word' id='word_1_196' title='bbox 577 3125 707 3206; x_wconf 86' lang='lat' dir='ltr'><strong>aperire</strong></span> <span class='ocrx_word' id='word_1_197' title='bbox 729 3131 845 3206; x_wconf 85' lang='lat' dir='ltr'><strong>partus</strong></span> 
     </span>
     <span class='ocr_line' id='line_1_28' title="bbox 306 3227 850 3309; baseline -0.002 -16"><span class='ocrx_word' id='word_1_198' title='bbox 306 3227 408 3293; x_wconf 90' lang='lat' dir='ltr'><strong>Lenis</strong></span> <span class='ocrx_word' id='word_1_199' title='bbox 430 3227 579 3309; x_wconf 85' lang='lat' dir='ltr'><strong>ilithyia,</strong></span> <span class='ocrx_word' id='word_1_200' title='bbox 601 3232 696 3292; x_wconf 85' lang='lat' dir='ltr'><strong>tuere</strong></span> <span class='ocrx_word' id='word_1_201' title='bbox 718 3232 850 3309; x_wconf 73' lang='lat' dir='ltr'><strong>matres</strong></span> 
     </span>
    </p>

    <p class='ocr_par' dir='ltr' id='par_1_7' title="bbox 358 3329 925 3498">
     <span class='ocr_line' id='line_1_29' title="bbox 358 3329 925 3410; baseline -0.002 -15"><span class='ocrx_word' id='word_1_202' title='bbox 358 3330 436 3395; x_wconf 87' lang='lat' dir='ltr'><strong>Sive</strong></span> <span class='ocrx_word' id='word_1_203' title='bbox 459 3334 496 3394; x_wconf 88' lang='lat' dir='ltr'><strong>tu</strong></span> <span class='ocrx_word' id='word_1_204' title='bbox 518 3330 647 3395; x_wconf 90' lang='lat' dir='ltr'><strong>Lucina</strong></span> <span class='ocrx_word' id='word_1_205' title='bbox 668 3330 788 3410; x_wconf 89' lang='lat' dir='ltr'><strong>probas</strong></span> <span class='ocrx_word' id='word_1_206' title='bbox 811 3329 925 3396; x_wconf 87' lang='lat' dir='ltr'><strong>vocari</strong></span> 
     </span>
     <span class='ocr_line' id='line_1_30' title="bbox 462 3432 715 3498; baseline 0 -1"><span class='ocrx_word' id='word_1_207' title='bbox 462 3432 527 3497; x_wconf 86' lang='lat' dir='ltr'><strong>Seu</strong></span> <span class='ocrx_word' id='word_1_208' title='bbox 548 3432 715 3498; x_wconf 83' lang='lat' dir='ltr'><strong>Genitalis</strong></span> 
     </span>
    </p>
   </div>
   <div class='ocr_carea' id='block_1_6' title="bbox 240 3553 1088 3738">
    <p class='ocr_par' dir='ltr' id='par_1_8' title="bbox 240 3553 1088 3738">
     <span class='ocr_line' id='line_1_31' title="bbox 240 3553 867 3634; baseline -0.002 -16"><span class='ocrx_word' id='word_1_209' title='bbox 240 3553 355 3618; x_wconf 88' lang='lat' dir='ltr'><strong>Horat.</strong></span> <span class='ocrx_word' id='word_1_210' title='bbox 379 3571 515 3618; x_wconf 87' lang='lat' dir='ltr'><strong>sermon.</strong></span> <span class='ocrx_word' id='word_1_211' title='bbox 536 3553 571 3617; x_wconf 92' lang='lat' dir='ltr'><strong>II</strong></span> <span class='ocrx_word' id='word_1_212' title='bbox 594 3554 623 3634; x_wconf 85' lang='lat'><strong>6,</strong></span> <span class='ocrx_word' id='word_1_213' title='bbox 645 3554 687 3618; x_wconf 82' lang='lat'><strong>20</strong></span> <span class='ocrx_word' id='word_1_214' title='bbox 710 3555 750 3618; x_wconf 94' lang='lat' dir='ltr'><strong>de</strong></span> <span class='ocrx_word' id='word_1_215' title='bbox 773 3553 867 3618; x_wconf 90' lang='lat' dir='ltr'><strong>Iano:</strong></span> 
     </span>
     <span class='ocr_line' id='line_1_32' title="bbox 308 3654 1088 3738; baseline 0.001 -18"><span class='ocrx_word' id='word_1_216' title='bbox 308 3655 475 3721; x_wconf 83' lang='lat' dir='ltr'><strong>Matutine</strong></span> <span class='ocrx_word' id='word_1_217' title='bbox 497 3661 601 3738; x_wconf 81' lang='lat' dir='ltr'><strong>pater,</strong></span> <span class='ocrx_word' id='word_1_218' title='bbox 624 3674 682 3720; x_wconf 87' lang='lat' dir='ltr'><strong>seu</strong></span> <span class='ocrx_word' id='word_1_219' title='bbox 706 3656 788 3720; x_wconf 89' lang='lat' dir='ltr'><strong>Iane</strong></span> <span class='ocrx_word' id='word_1_220' title='bbox 809 3654 969 3721; x_wconf 89' lang='lat' dir='ltr'><strong>libentius</strong></span> <span class='ocrx_word' id='word_1_221' title='bbox 992 3655 1088 3721; x_wconf 88' lang='lat' dir='ltr'><strong>audis</strong></span> 
     </span>
    </p>
   </div>
   <div class='ocr_carea' id='block_1_7' title="bbox 240 3773 1247 4166">
    <p class='ocr_par' dir='ltr' id='par_1_9' title="bbox 240 3773 1247 4166">
     <span class='ocr_line' id='line_1_33' title="bbox 240 3773 926 3856; baseline 0.003 -18"><span class='ocrx_word' id='word_1_222' title='bbox 240 3773 394 3856; x_wconf 81' lang='lat' dir='ltr'><strong>Calpurn.</strong></span> <span class='ocrx_word' id='word_1_223' title='bbox 416 3774 526 3839; x_wconf 90' lang='lat' dir='ltr'><strong>Bucol.</strong></span> <span class='ocrx_word' id='word_1_224' title='bbox 549 3775 597 3839; x_wconf 86' lang='lat' dir='ltr'><strong>IV</strong></span> <span class='ocrx_word' id='word_1_225' title='bbox 621 3776 683 3839; x_wconf 86' lang='grc'><strong>142</strong></span> <span class='ocrx_word' id='word_1_226' title='bbox 706 3776 747 3839; x_wconf 90' lang='lat' dir='ltr'><strong>de</strong></span> <span class='ocrx_word' id='word_1_227' title='bbox 770 3774 926 3841; x_wconf 80' lang='lat' dir='ltr'><strong>Caesare:</strong></span> 
     </span>
     <span class='ocr_line' id='line_1_34' title="bbox 308 3877 1054 3960; baseline 0.001 -18"><span class='ocrx_word' id='word_1_228' title='bbox 308 3878 423 3958; x_wconf 84' lang='lat' dir='ltr'><strong>Tuque</strong></span> <span class='ocrx_word' id='word_1_229' title='bbox 446 3882 575 3942; x_wconf 89' lang='lat' dir='ltr'><strong>mutata</strong></span> <span class='ocrx_word' id='word_1_230' title='bbox 597 3895 655 3942; x_wconf 88' lang='lat' dir='ltr'><strong>seu</strong></span> <span class='ocrx_word' id='word_1_231' title='bbox 677 3877 831 3958; x_wconf 88' lang='lat' dir='ltr'><strong>Iuppiter</strong></span> <span class='ocrx_word' id='word_1_232' title='bbox 853 3877 924 3958; x_wconf 89' lang='lat' dir='ltr'><strong>ipse</strong></span> <span class='ocrx_word' id='word_1_233' title='bbox 946 3877 1054 3960; x_wconf 83' lang='lat' dir='ltr'><strong>figura</strong></span> 
     </span>
     <span class='ocr_line' id='line_1_35' title="bbox 309 3978 1247 4062; baseline 0.001 -18"><span class='ocrx_word' id='word_1_234' title='bbox 309 3979 438 4061; x_wconf 86' lang='lat' dir='ltr'><strong>Caesar,</strong></span> <span class='ocrx_word' id='word_1_235' title='bbox 461 3980 549 4061; x_wconf 81' lang='lat' dir='ltr'><strong>adea,</strong></span> <span class='ocrx_word' id='word_1_236' title='bbox 571 3997 631 4044; x_wconf 90' lang='lat' dir='ltr'><strong>seu</strong></span> <span class='ocrx_word' id='word_1_237' title='bbox 653 3979 708 4059; x_wconf 90' lang='lat' dir='ltr'><strong>qui</strong></span> <span class='ocrx_word' id='word_1_238' title='bbox 731 3998 883 4060; x_wconf 86' lang='lat' dir='ltr'><strong>superum</strong></span> <span class='ocrx_word' id='word_1_239' title='bbox 907 3980 968 4044; x_wconf 86' lang='lat' dir='ltr'><strong>sub</strong></span> <span class='ocrx_word' id='word_1_240' title='bbox 991 3978 1136 4062; x_wconf 87' lang='lat' dir='ltr'><strong>imagine</strong></span> <span class='ocrx_word' id='word_1_241' title='bbox 1159 3978 1247 4046; x_wconf 87' lang='lat' dir='ltr'><strong>falsa</strong></span> 
     </span>
     <span class='ocr_line' id='line_1_36' title="bbox 309 4081 914 4166; baseline 0.002 -20"><span class='ocrx_word' id='word_1_242' title='bbox 309 4081 509 4161; x_wconf 87' lang='lat' dir='ltr'><strong>Mortalique</strong></span> <span class='ocrx_word' id='word_1_243' title='bbox 530 4082 617 4147; x_wconf 88' lang='lat' dir='ltr'><strong>latas</strong></span> <span class='ocrx_word' id='word_1_244' title='bbox 640 4082 688 4160; x_wconf 87' lang='lat' dir='ltr'><strong>(es</strong></span> <span class='ocrx_word' id='word_1_245' title='bbox 711 4081 797 4147; x_wconf 92' lang='lat' dir='ltr'><strong>enim</strong></span> <span class='ocrx_word' id='word_1_246' title='bbox 821 4083 914 4166; x_wconf 83' lang='lat' dir='ltr'><strong>deus)</strong></span> 
     </span>
    </p>
   </div>
   <div class='ocr_carea' id='block_1_8' title="bbox 241 4200 885 4391">
    <p class='ocr_par' dir='ltr' id='par_1_10' title="bbox 241 4200 885 4391">
     <span class='ocr_line' id='line_1_37' title="bbox 241 4200 860 4268; baseline 0.002 -3"><span class='ocrx_word' id='word_1_247' title='bbox 241 4200 565 4267; x_wconf 74' lang='lat' dir='ltr'><strong>Antemnatium</strong></span> <span class='ocrx_word' id='word_1_248' title='bbox 591 4201 711 4268; x_wconf 78' lang='grc'>15040</span> <span class='ocrx_word' id='word_1_249' title='bbox 734 4220 779 4267; x_wconf 86' lang='lat' dir='ltr'><strong>vs.</strong></span> <span class='ocrx_word' id='word_1_250' title='bbox 802 4202 860 4266; x_wconf 84' lang='lat'><strong>34:</strong></span> 
     </span>
     <span class='ocr_line' id='line_1_38' title="bbox 310 4301 885 4391; baseline 0 -21"><span class='ocrx_word' id='word_1_251' title='bbox 310 4302 337 4370; x_wconf 95' lang='grc' dir='ltr'><strong>Ο</strong></span> <span class='ocrx_word' id='word_1_252' title='bbox 359 4302 481 4384; x_wconf 89' lang='lat' dir='ltr'><strong>Priape</strong></span> <span class='ocrx_word' id='word_1_253' title='bbox 503 4309 621 4386; x_wconf 86' lang='lat' dir='ltr'><strong>potens</strong></span> <span class='ocrx_word' id='word_1_254' title='bbox 643 4301 761 4389; x_wconf 90' lang='lat' dir='ltr'><strong>ami[ce</strong></span> <span class='ocrx_word' id='word_1_255' title='bbox 782 4303 885 4391; x_wconf 88' lang='lat' dir='ltr'><strong>salve]</strong></span> 
     </span>
    </p>
   </div>
   <div class='ocr_carea' id='block_1_9' title="bbox 0 0 1568 4920">
    <p class='ocr_par' dir='ltr' id='par_1_11' title="bbox 0 0 1568 4920">
     <span class='ocr_line' id='line_1_39' title="bbox 0 0 1568 4920; baseline 0 0"><span class='ocrx_word' id='word_1_256' title='bbox 0 0 1568 4920; x_wconf 95' lang='lat' dir='ltr'><strong> </strong></span> 
     </span>
    </p>
   </div>
  </div>
 </body>
</html>
