3120 4920
497 304 538 360 Da
556 305 739 360 Romanorum
756 305 958 374 precationibus
1277 310 1318 375 81

224 476 389 544 Cohaeret
413 496 487 543 cum
516 477 578 542 hac
607 474 758 558 opinione
787 476 842 543 dei
863 495 980 543 nomen
1002 477 1104 543 semel
1126 476 1320 561 cognitum1

137 579 325 647 hominibus
348 579 403 646 dei
420 584 618 661 potestatem
639 577 822 660 infringere
844 579 1019 662 diligentia
1040 580 1099 646 illa
1122 581 1231 664 anxia,
1254 600 1321 661 qua

137 683 280 750 Romani
306 679 549 750 occultaverint
575 681 706 747 nomina
736 682 939 761 quorundam
962 684 1103 748 deorum.
1148 683 1256 749 Cuius*
1269 685 1320 750 rei

135 786 237 852 tastis
263 791 319 853 est
341 785 479 851 Verrius
502 784 643 850 Flaccus
670 786 758 865 apud
780 784 865 850 Plin.
889 789 958 850 nat.
986 785 1065 850 hist.
1086 786 1239 852 XXVHI
1262 788 1319 853 18:

144 888 274 953 Verrius
295 887 431 953 Flaccus
448 893 588 951 auctores
607 891 703 970 ponit,
727 885 837 967 quibas
857 886 962 950 medat
981 889 1017 951 in
1039 889 1320 970 oppnpnationibns

134 999 209 1056 ante
229 993 334 1055 omnia
355 991 481 1055 solitam
503 1010 524 1053 a
545 989 698 1054 Romanis
722 988 933 1053 sacerdotibus
961 1009 1084 1054 euocare
1104 991 1206 1074 deam,
1231 994 1319 1055 onina

137 1096 174 1159 ia
194 1095 290 1158 tnteia
310 1093 347 1158 id
359 1093 507 1175 ομμιῗάιινα
525 1099 606 1175 esset,
626 1093 824 1175 promittique
844 1092 895 1156 iiii
914 1092 1043 1156 eandem
1057 1099 1113 1156 ant
1134 1095 1316 1174 ampliorem

132 1197 225 1281 apud
250 1196 412 1261 Romanos
436 1197 563 1260 anitum.
613 1193 659 1258 Et
685 1189 783 1258 durat
818 1196 852 1258 in
880 1193 1061 1274 pontificum
1090 1195 1256 1279 disciplina
1283 1197 1320 1261 id

136 1319 265 1364 moram
286 1305 461 1382 constatque
481 1297 549 1362 ideo
571 1297 755 1361 cacabatum
776 1299 810 1360 in
825 1299 916 1361 cuins
937 1297 1033 1362 tuteia
1055 1298 1156 1362 Roma
1179 1305 1258 1381 esset,
1281 1321 1319 1363 ne

131 1404 195 1487 pai
215 1401 351 1466 bostiam
372 1401 470 1466 simili
491 1399 580 1464 modo
606 1406 740 1481 opereat.
791 1399 927 1466 Servius
956 1403 1000 1466 ad
1022 1401 1158 1467 Aeneid.
1181 1402 1216 1467 II
1239 1403 1317 1469 251:

139 1501 319 1591 Excessere]
346 1505 422 1588 qaia
443 1510 515 1567 onte
536 1505 793 1586 eapnpnotionem
815 1502 1020 1566 avocabantur
1041 1504 1079 1567 ab
1100 1503 1237 1569 hostibus
1258 1526 1318 1569 nm

135 1608 226 1670 mina
247 1613 373 1690 propter
393 1605 519 1670 atteroda
538 1604 710 1685 sacrilegia.
756 1602 838 1667 lnde
859 1609 903 1668 est
925 1605 1007 1688 qnod
1028 1605 1166 1670 Romani
1186 1607 1318 1671 celatam

133 1729 199 1773 esse
219 1711 392 1792 volnerum,
413 1709 451 1771 in
471 1709 564 1772 anias
584 1706 681 1770 tutela
703 1706 778 1770 nrbs
799 1705 902 1769 Roma
923 1709 972 1790 sit,
998 1712 1027 1771 et
1048 1711 1118 1772 inre
1139 1708 1318 1791 pontificum

132 1818 265 1876 cantum
286 1818 339 1894 est,
361 1831 400 1875 ne
428 1812 495 1875 anis
516 1809 692 1874 nominibus
712 1809 760 1872 dii
780 1809 919 1873 Romani
945 1812 1187 1895 appellarentur,
1210 1833 1247 1876 ne
1268 1832 1318 1876 aa·

132 1916 296 1999 anparari
311 1920 445 1998 possent.
495 1912 629 1979 Servius
657 1914 699 1977 ad
722 1911 872 1994 Georgia
893 1912 912 1978 I
933 1914 1011 1979 498:
1046 1913 1192 1995 Vestaque
1220 1922 1319 1979 mater

131 2037 218 2101 qaae
240 2017 377 2081 Tuscum
405 2015 541 2080 Tiberim
567 2020 595 2078 et
617 2013 763 2078 Romana
787 2015 911 2095 palatia
939 2013 1055 2100 serras]
1081 2019 1214 2098 poetice:
1243 2038 1318 2080 nam

133 2139 244 2183 amum
265 2138 377 2183 nomen
399 2121 467 2183 eins
488 2119 638 2200 numinis,
668 2117 750 2201 qrmd
771 2117 843 2181 arbi
863 2117 980 2182 Romae
1004 2126 1135 2202 praeest,
1163 2122 1239 2184 sciri
1266 2140 1317 2184 sa·

129 2241 263 2286 erorum
293 2222 355 2304 lepe
386 2220 587 2302 prohibetur:
615 2219 698 2304 qnod
726 2240 827 2284 ansas
856 2220 984 2304 qnidam
1022 2221 1169 2286 tribanus
1194 2222 1317 2303 μίάνιε2

132 2325 171 2388 in
194 2345 316 2388 crucan
337 2324 436 2388 elatas
450 2328 502 2389 est.
545 2323 690 2388 Macrob.
705 2322 772 2388 Sat.
788 2323 842 2388 HI
857 2324 886 2405 9,
901 2324 937 2388 2:
964 2322 1092 2388 Constat
1107 2327 1191 2388 enim
1213 2345 1318 2390 omnes

129 2426 283 2491 arbosia
305 2426 440 2491 aiicaiaaa
460 2425 510 2489 dei
530 2445 594 2490 esse
614 2426 718 2509 tutela,
741 2445 913 2509 moremque
927 2425 1143 2490 Romanorum
1165 2449 1318 2492 arcannm

127 2535 165 2594 et
187 2529 294 2594 maltis
315 2531 456 2614 ipreotnm
476 2530 584 2610 fnisse,
607 2535 650 2610 nt,
674 2548 744 2592 eam
760 2528 929 2592 obsiderent
951 2529 1056 2593 arbem
1078 2529 1211 2594 hostiam
1235 2551 1318 2594 earn-

128 2653 198 2717 qne
216 2634 283 2697 iam
305 2635 376 2716 oapi
392 2651 483 2715 porse
504 2631 697 2713 emrfiderent,
728 2635 807 2694 aerio
835 2633 973 2696 carmine
994 2640 1150 2696 evocarent
1171 2634 1318 2697 tutelares

124 2734 220 2815 deos,
241 2734 327 2819 qaod
346 2739 404 2798 aab
424 2735 516 2799 aliter
537 2734 644 2797 arbem
673 2736 744 2816 oapi
762 2753 851 2816 posce
872 2754 936 2797 aon
957 2734 1112 2799 crederent
1141 2742 1198 2798 ant
1226 2738 1319 2799 etiam

129 2840 168 2902 ai
188 2843 308 2921 posset,
343 2837 438 2919 nefas
466 2839 608 2901 timerent
635 2836 707 2900 deos
738 2835 846 2900 babere
875 2839 1027 2919 captivos;
1055 2860 1130 2901 nam
1157 2844 1320 2922 propterea

130 2942 202 3023 ipsi
220 2940 360 3005 Romani
387 2945 416 3004 et
443 2939 535 3004 deam
563 2942 599 3004 in
628 2941 717 3003 caius
745 2939 840 3004 tutela
871 2941 943 3004 nrbs
965 2941 1067 3005 Roma
1095 2949 1137 3005 est
1165 2948 1192 3006 et
1220 2944 1320 3026 ipsias

129 3042 229 3108 arbas
248 3041 403 3107 Latinam
424 3062 534 3106 nomen
555 3044 695 3126 ipnctnm
720 3063 781 3106 asse
808 3043 978 3109 noluerant.
1022 3045 1196 3110 Plutarchi
1218 3045 1320 3110 Aetia

129 3146 289 3214 Romana
310 3147 351 3212 61
375 3146 514 3231 (malin
544 3144 609 3209 Διὰ
637 3148 670 3208 τί
697 3143 750 3209 τὸν
779 3144 858 3209 θεὸν
887 3141 1012 3224 ἐκεῖνον,
1048 3142 1073 3230 ᾧ
1097 3146 1237 3229 μάλιστα
1266 3146 1320 3232 τὴν

128 3247 261 3334 Ῥώμην
282 3247 400 3328 σώζειν
420 3249 572 3333 προσήκει
586 3248 641 3311 καὶ
656 3248 826 3333 φυλάττειν
840 3245 897 3311 ε’ίτ)
912 3245 996 3312 ἐστιν
1011 3248 1109 3335 άρρην
1124 3248 1187 3313 εἴτε
1201 3249 1319 3336 θήλεια

128 3352 194 3415 καλ
229 3350 335 3436 λέγειν
370 3350 544 3437 ἀνταίρηται
587 3350 642 3414 καὶ
679 3349 782 3437 ζητεῖν
817 3351 872 3414 καὶ
907 3349 1090 3433 ὀνομάζειν·
1133 3355 1248 3438 ταύτην
1283 3352 1319 3417 δὲ

133 3453 195 3540 τὴν
223 3451 406 3540 ἀπόρρησιν
435 3450 610 3533 ἐξάπτουσι
640 3453 893 3536 δεισιδαιμονίας
923 3454 1118 3540 ἱστοροῦντες
1149 3453 1320 3538 Οὐαλέριον

133 3554 292 3640 Σωρανὸν
321 3555 510 3621 ἀπολέσθαι
538 3569 643 3634 κακῶς
673 3555 727 3621 διὰ
755 3556 790 3620 τὸ
818 3558 958 3638 ἐξειπεῖν
964 3582 976 3642 ;
1013 3558 1151 3645 πότερον
1183 3558 1228 3635 ὡς
1256 3571 1320 3623 τῶν

127 3658 325 3741 Ῥωμαϊκῶν
350 3681 433 3735 τινες
462 3659 665 3745 ἱστορήκασιν
691 3656 854 3744 ἐκκλήσεις
880 3660 942 3725 εἰσὶ
965 3660 1020 3723 καὶ
1049 3671 1194 3747 γοητεῖαι
1223 3663 1319 3746 θεῶν,

228 3863 239 3896 ¹
256 3863 348 3932 Atque
365 3863 477 3919 afferam
494 3865 545 3919 hoc
567 3865 625 3919 loco
648 3865 783 3918 canticum
807 3866 941 3933 quoddam
966 3865 1102 3933 magicum
1121 3865 1158 3935 (n.
1177 3866 1233 3934 96):
1258 3865 1321 3920 Eri

126 3948 164 4005 si
180 3947 263 4004 hodie
279 3952 350 4003 nata
372 3949 398 4003 ai
415 3953 481 4003 ante
498 3952 573 4018 nata,
597 3949 623 4003 si
640 3949 718 4004 hodie
735 3955 829 4004 creata
851 3951 877 4005 ai
899 3954 964 4004 ante
981 3954 1082 4020 creata,
1107 3952 1205 4018 quibua
1228 3952 1319 4006 verbis

132 4033 253 4104 magicis
270 4036 380 4090 morbus
397 4035 516 4104 quidam,
535 4036 610 4090 cuins
627 4052 725 4090 nornen
741 4036 865 4104 ignotum
880 4042 930 4100 ast,
948 4036 1106 4091 definitione
1124 4037 1241 4104 quadam
1259 4041 1318 4090 tam

124 4124 199 4175 arte
207 4119 443 4189 circumscribitur,
453 4123 571 4188 ntehac,
581 4122 627 4188 qui
637 4127 723 4176 artem
732 4122 866 4189 magicam
876 4125 991 4190 exercet,
1002 4123 1162 4190 cogipossit,
1172 4125 1204 4174 ut
1211 4122 1319 4175 deserat

124 4220 236 4274 -corpua
247 4210 403 4276 aegrotum:
420 4206 517 4261 similis
529 4211 570 4262 est
583 4207 850 4276 Carthaginiensium
863 4207 907 4262 dei
919 4208 1045 4262 tutelaris
1058 4207 1187 4275 avocatio,
1200 4222 1226 4260 v.
1239 4222 1265 4271 p.
1275 4206 1318 4258 82.

226 4289 239 4324 '
255 4290 322 4346 Fuit
339 4292 500 4347 Valerianus
517 4293 642 4361 Soranus,
666 4294 694 4347 O.
719 4293 865 4362 cichorion,
890 4293 982 4347 Herm.
999 4293 1065 4346 XLI
1084 4291 1151 4344 1906
1174 4308 1200 4358 p.
1218 4291 1252 4342 hil
1259 4306 1319 4357 sqq.

188 4388 510 4448 Bahgionigaschichtliche
524 4393 644 4439 Versncha
659 4404 681 4437 u.
696 4393 856 4439 Vorarhaiion
871 4395 923 4447 v11,
938 4397 958 4438 a.
