3120 4920
551 305 592 358 Dc
610 303 793 358 Romanorum
810 302 1010 370 precationibus
1328 304 1369 370 61

190 479 290 560 siguis
311 477 432 541 collatis
452 477 488 539 in
509 475 624 556 Africa
654 474 727 538 bene
748 495 785 537 ac
804 474 940 555 feliciter
963 477 1114 558 pupnaoi.
1163 475 1278 559 Itaque
1299 497 1369 540 curn

191 580 280 646 bodie
301 578 404 644 litibus
424 583 452 642 et
473 579 589 662 iurpiis
609 577 808 657 supersedere
829 597 963 661 aequum
986 580 1035 659 sit,
1057 598 1109 662 epo
1129 577 1202 642 binc
1223 579 1371 661 extemplo

190 685 225 747 in
250 681 439 766 Capitolium
462 680 505 744 ael
526 679 628 744 Iouem
650 681 799 761 optimum
822 681 995 744 monimum
1016 679 1230 764 iuuenemque
1252 687 1281 745 et
1302 681 1370 746 Mi·

190 806 318 849 neroam
354 789 524 867 ceterosque
560 783 648 866 deos,
685 785 740 867 qui
776 782 928 866 Capitolio
964 789 1056 867 atque
1087 785 1155 847 arci
1182 784 1370 868 praesident,

189 887 370 953 salutandos
390 887 439 950 ibo
460 885 568 970 hisque
587 888 707 968 gratias
729 907 829 968 epam,
859 885 940 970 quod
962 885 1039 949 mibi
1059 893 1086 949 ct
1107 885 1162 950 boc
1182 888 1250 970 ipso
1273 887 1322 951 olie
1343 894 1371 951 et

189 1012 281 1073 saepe
302 991 384 1054 alias
405 991 523 1071 egregie
550 989 702 1072 perendoe
730 991 779 1052 rei
804 989 945 1069 publicae
974 995 1103 1053 mentem
1128 989 1371 1074 facultatemque

189 1093 347 1159 dederunt.
392 1092 571 1158 cf.Va1er.
595 1091 726 1156 Maxim.
748 1091 801 1156 ΙΙΙ
824 1095 853 1174 7,
877 1094 905 1157 1.

276 1196 388 1262 Etiam
408 1195 446 1260 in
477 1197 603 1261 rebus
625 1194 825 1261 ineundis
848 1195 1117 1276 agendisque
1139 1194 1278 1260 Romani
1300 1213 1370 1261 sus·

189 1299 360 1381 cipiabant
381 1299 551 1381 privatas,
580 1303 618 1363 ut
640 1316 741 1379 supro
757 1297 800 1382 (p.
814 1297 869 1383 57)
891 1298 1041 1379 publicas
1065 1297 1215 1380 vidimus,
1237 1299 1370 1364 deorum

190 1401 477 1484 comprecationes.

276 1505 322 1570 In
345 1506 475 1570 rebus
498 1503 703 1569 ineundis.
739 1502 803 1568 Cic.
825 1503 861 1568 in
883 1503 996 1568 Vatia.
1013 1504 1070 1568 14:
1094 1502 1242 1566 Ouinium
1264 1523 1370 1567 rerum

190 1627 382 1688 magnarum
411 1606 449 1670 ab
482 1606 534 1670 dis
563 1605 790 1670 immortalibus
822 1607 980 1689 principio
1010 1607 1184 1688 ducuntur3
1215 1605 1255 1672 cf.
1285 1607 1369 1672 Plin.

190 1710 314 1792 Panag.
336 1710 370 1790 Ι;
393 1709 485 1793 (ante
508 1709 654 1774 laborem
670 1707 928 1789 suscipiendum:
951 1709 1059 1774 Plaut.
1075 1709 1158 1774 Rud.
1174 1709 1253 1790 3053
1277 1714 1369 1775 ante-

191 1831 289 1893 quam
312 1831 431 1894 greges
453 1812 488 1877 in
511 1830 635 1893 pascua
656 1811 850 1877 mittantur:
881 1811 1035 1892 Calpurn.
1056 1812 1168 1877 Bucol.
1191 1811 1220 1876 V
1241 1813 1298 1894 243
1319 1812 1369 1877 in·

190 1915 389 1997 gradiuntur
417 1914 523 1981 riam:
556 1913 689 1979 Patron.
721 1919 783 1979 sat.
818 1916 894 1995 117;
925 1913 1038 1997 fugam
1060 1914 1238 1995 incipiunt:
1272 1914 1370 1996 Apul.

190 2023 319 2084 metam.
335 2017 384 2082 IV
398 2020 434 2098 23
458 2015 508 2103 [in
531 2024 661 2099 coapto:
683 2016 794 2083 Senee.
810 2018 950 2082 Phaedr.
972 2017 1052 2098 4063
1073 2023 1151 2082 ante
1175 2017 1299 2082 discum
1321 2017 1369 2082 ia·

190 2119 1369 2204 ciendumStat.Thab.V1699]);incomponendiscarminibus

189 2226 259 2291 vel
274 2222 820 2305 operibusconsoribendis
838 2221 1371 2307 (conferasF1·.Knickenberg,De

190 2325 319 2390 deorum
333 2325 575 2389 invocationibus
590 2344 663 2408 eqa,
679 2325 781 2407 quiin
795 2325 1027 2391 dissertatione
1043 2344 1143 2407 supra
1158 2346 1188 2407 p.
1200 2326 1220 2389 2
1232 2325 1371 2390 laudata

191 2447 309 2512 omnes,
325 2427 383 2509 qui
400 2430 441 2493 ad
457 2429 543 2494 hanc
556 2447 626 2494 rem
641 2428 819 2512 pertinent,
842 2433 1014 2510 poetarum
1029 2429 1115 2494 locos
1137 2427 1253 2493 attulit
1275 2446 1370 2509 prae·

189 2531 352 2597 termissis
375 2532 532 2613 exemplis
555 2532 665 2597 soluta
687 2531 834 2596 oratione
856 2531 997 2612 scriptis,
1027 2548 1111 2612 quaa
1133 2530 1197 2596 huc
1219 2529 1369 2595 afferam:

189 2635 297 2700 Varro
313 2636 353 2700 de
368 2653 405 2699 rc
421 2640 504 2699 rust.
518 2634 536 2698 I
552 2635 580 2718 1,
595 2635 632 2715 4;
654 2634 728 2700 Liv.
743 2633 846 2715 praef.
863 2634 920 2714 13;
943 2633 1052 2698 Valer.
1067 2632 1201 2698 Maxim.
1217 2633 1234 2698 Ι
1249 2631 1369 2714 praef.;

189 2737 220 2802 V
243 2739 262 2802 t
285 2736 405 2818 praem
427 2736 476 2802 VI
500 2735 651 2818 lpraaf.;
675 2737 759 2802 Plin.
774 2741 841 2802 nat.
858 2736 936 2801 hist.
951 2736 1048 2802 XXV
1065 2737 1093 2817 2,
1108 2736 1144 2818 43
1166 2735 1251 2800 Pliu.
1274 2735 1371 2816 epist.

189 2838 382 2925 VH14‚5);
404 2840 446 2904 in
470 2858 513 2905 re
535 2839 836 2922 agenda(Plaut.
859 2839 956 2904 Poen.
972 2839 1045 2923 950,
1069 2839 1181 2924 1187);
1211 2839 1253 2903 in
1276 2856 1369 2904 ora-

190 2942 392 3008 tionibus
423 2941 622 3007 dicendis
653 2941 695 3025 (n.
718 2942 867 3026 88-91).

275 3045 395 3110 Preces
439 3045 621 3110 mittebant
661 3046 703 3109 ad
736 3046 813 3110 deos
854 3044 1005 3126 inprimis
1045 3043 1087 3109 in
1127 3045 1255 3110 rebus
1300 3045 1369 3109 do·

189 3148 386 3213 mesticis
409 3147 605 3232 agendis,
628 3148 746 3229 quibus
761 3147 864 3229 prisci
878 3147 992 3229 populi
1007 3147 1094 3212 sacri
1112 3146 1239 3227 aliquid
1260 3145 1370 3211 inesse

189 3251 368 3332 putabant:

275 3357 385 3418 Ante
408 3371 551 3419 cenam
571 3352 693 3437 (Quint.
711 3353 846 3418 declam.
861 3351 952 3436 301);
974 3353 1017 3416 in
1040 3351 1223 3416 bibendo
1239 3349 1369 3434 (Horat.

189 3474 286 3522 carm.
309 3455 357 3521 IV
379 3458 409 3539 b,
431 3457 488 3538 293
508 3457 557 3522 IV
581 3457 630 3539 15,
652 3455 721 3541 25);
751 3456 793 3521 in
816 3455 985 3536 nuptiis
1014 3455 1135 3538 (Plaut.
1157 3454 1267 3518 Aulul.
1290 3454 1369 3534 3853
1422 3507 1424 3511 ,

188 3559 311 3624 Arnob.
331 3561 406 3624 adv.
428 3564 497 3625 nat.
521 3559 556 3623 H
577 3560 649 3643 67);
678 3577 828 3624 novum
851 3556 1116 3624 domicilium
1145 3554 1369 3622 intrantes

190 3661 311 3742 (Plaot.
334 3662 425 3727 Tria.
448 3663 511 3746 39).

273 3763 409 3830 Privati
437 3764 606 3830 itinera
635 3763 851 3830 facientes
881 3765 994 3829 eodem
1017 3764 1110 3829 modo
1140 3762 1268 3845 precati
1291 3765 1370 3827 sunt

187 3885 250 3949 quo
273 3868 340 3932 dux
361 3869 405 3932 ad
426 3867 548 3934 ballum
571 3867 781 3949 proficiscens
804 3866 916 3950 (supra
938 3887 969 3948 p.
991 3866 1054 3951 56).

274 3970 321 4035 In
344 3968 620 4051 profectione
641 3971 764 4054 (Plaut.
780 3971 878 4035 Mero.
897 3970 970 4052 834,
985 3970 1064 4050 8653
1080 3968 1148 4034 Mil.
1164 3968 1253 4035 Glor.
1270 3968 1369 4049 13293

187 4071 1368 4156 attunt10,15;ovid.Tristis,20);p0stquamperventum

188 4180 255 4242 ast
269 4175 431 4260 (dominus
447 4177 577 4242 eumad
599 4175 712 4243 villam
728 4176 838 4242 venit:
862 4175 943 4240 Coto
959 4176 999 4239 da
1015 4175 1116 4257 agric.
1133 4175 1162 4257 2,
1179 4176 1213 4256 1;
1236 4174 1368 4239 Aeneas

186 4297 260 4344 cum
282 4278 318 4344 in
341 4277 485 4362 Italiam,
517 4296 635 4346 novam
664 4277 757 4344 illam
779 4282 913 4361 terram,
943 4277 1097 4345 advenit:
1128 4275 1252 4359 Vergil.
1283 4276 1367 4341 Aen.
