3120 4920
273 340 321 406 80
749 335 884 406 Georgius
901 335 990 404 Appel

278 528 377 591 prece
399 510 441 574 ad
464 508 597 573 irritum
626 508 787 573 calente¹
818 525 853 573 se
875 507 1090 572 subtraheret
1111 505 1282 572 audiendo.
1326 506 1401 572 Huc
1424 506 1460 573 id

279 630 404 692 quoque
426 611 582 692 pertinse
605 611 690 690 qnod
709 609 743 674 in
766 609 837 674 deis
858 608 1078 690 ignotioribus
1101 627 1216 674 sexum
1234 627 1364 690 qnoque
1394 608 1459 675 for·

278 714 368 780 mula
389 713 489 779 simili
511 711 833 793 circumscribebant‚
854 730 897 777 ne
919 710 1004 778 falso
1026 730 1107 777 sexu
1129 710 1274 777 indicato
1296 713 1379 777 dens
1401 717 1461 777 aut

281 818 342 882 dea
371 835 489 881 munus
523 814 679 886 audiendi
708 832 864 880 recusare
893 818 1014 895 posset.
1058 814 1093 880 Si
1121 813 1226 897 igitur
1255 814 1461 880 invocationi

280 919 417 987 additur
437 920 499 982 siae
521 937 590 982 mos
611 919 673 981 siue
692 917 814 997 femiua
836 923 894 982 aut
923 919 953 980 si
973 917 1050 980 deus
1077 919 1105 980 si
1132 917 1189 981 dea
1218 935 1336 982 numen
1368 922 1461 982 certe

280 1021 567 1102 comprehenditur
581 1039 687 1102 neque
703 1021 805 1086 habet
820 1019 984 1102 effugium.
1014 1019 1179 1101 Exempla
1194 1019 1291 1085 hnins
1307 1021 1461 1086 cautelae

278 1123 396 1191 inveni
417 1123 599 1204 sequentia.

366 1227 512 1292 Laevius
534 1225 735 1310 (Melissnsl)
757 1225 798 1290 fr.
820 1225 863 1290 26
885 1225 973 1290 FPR
994 1244 1024 1306 p.
1047 1226 1127 1291 292:

435 1329 595 1394 Venerem
616 1328 723 1411 igitur
744 1329 864 1393 almum
887 1329 1026 1394 adorans

437 1430 467 1495 si
489 1430 613 1496 femina
636 1430 666 1496 si
688 1449 758 1496 mas
780 1436 832 1496 est

435 1533 486 1598 ita
508 1534 558 1598 uti
580 1535 668 1599 alma
690 1533 903 1599 Noctilucast

366 1635 455 1701 Plus.
485 1635 574 1702 actia
605 1637 741 1702 Roman.
771 1638 810 1701 61
835 1637 911 1717 (278
920 1635 977 1720 F):
1006 1632 1072 1697 Διὰ
1099 1636 1132 1696 ri
1152 1631 1205 1697 cir
1226 1632 1306 1698 θεὸν
1329 1629 1462 1705 ἐκεῖνον,

283 1733 309 1821 ᾧ
333 1736 471 1820 μάλιστα
492 1736 547 1821 τὴν
568 1737 691 1825 Ῥώμην
709 1737 825 1821 σῴζειν
839 1738 995 1822 προσήκει
1015 1736 1071 1823 καὶ
1093 1735 1273 1823 φυλάττειν,
1297 1735 1355 1799 s'c'a'
1379 1733 1464 1800 ἐστὶν

282 1838 383 1926 ἄρρην
405 1837 468 1904 εἴτε
482 1840 602 1925 θήλεια
616 1841 671 1904 καὶ
691 1839 794 1924 λέγειν
816 1840 989 1926 ἀπείρηται
1010 1828 1064 1903 troii
1081 1838 1185 1926 ζητεῖν
1206 1839 1261 1902 καὶ
1284 1836 1462 1919 ὀνομάζειν.

368 1945 555 2010 Formulam
574 1947 604 2009 si
621 1945 697 2009 deus
717 1947 746 2009 si
760 1945 818 2009 dea
832 1931 1158 2026 ε111111οε1Α11111111111
1178 1945 1252 2010 adv.
1274 1943 1464 2008 naalma:

280 2047 330 2112 Ac
352 2067 389 2110 ue
411 2052 512 2111 tomeu
534 2052 562 2111 et
590 2048 678 2112 uobis
698 2048 951 2112 inconsideratus
979 2048 1097 2130 uliquis
1125 2047 1317 2110 calumniam
1340 2053 1465 2128 moveat,

282 2154 442 2233 tamquam
463 2149 564 2233 deum,
593 2171 682 2231 quem
708 2151 846 2232 colimus,
869 2169 986 2212 marem
1014 2169 1076 2213 esse
1098 2148 1261 2212 credamus
1287 2169 1323 2212 eo
1349 2149 1466 2214 scilicet

281 2271 389 2334 muso,
412 2253 496 2335 quod
515 2273 584 2316 eum
605 2273 676 2316 eum
698 2254 864 2337 loquimur,
881 2254 1127 2335 pronuntiamus
1147 2272 1258 2332 periere
1279 2253 1465 2335 masculino,

282 2355 440 2438 iuteiiepat
461 2375 522 2418 mou
539 2375 646 2419 secum
668 2362 696 2418 et
714 2356 933 2438 familiaritate
960 2355 1112 2419 sermonis
1132 2353 1369 2436 appeliationem
1398 2357 1468 2418 eius

283 2461 312 2520 et
332 2455 588 2541 sipuificatiouem
605 2460 718 2542 promi.
747 2477 811 2522 mou
832 2460 914 2522 euim
935 2458 1011 2521 deus
1029 2477 1098 2521 mas
1112 2463 1165 2541 est,
1186 2457 1243 2521 sed
1264 2477 1376 2520 uomeu
1398 2459 1467 2520 cius

283 2561 408 2641 pencris
429 2561 604 2644 masculini,
634 2561 717 2645 quod
736 2561 817 2624 idem
839 2581 890 2624 uos
910 2560 1012 2624 dicere
1040 2561 1186 2642 reiipioue
1214 2561 1250 2623 iu
1280 2566 1380 2623 cestra
1401 2580 1468 2623 uou

284 2664 386 2746 peritis,
411 2683 485 2726 uam
499 2666 662 2727 consuestis
675 2663 815 2744 precibus
833 2665 913 2744 „sire
934 2670 969 2727 tu
984 2663 1060 2727 deus
1074 2665 1133 2726 siae
1154 2663 1231 2726 dea“
1248 2662 1358 2745 dicere,
1382 2683 1466 2747 quae

284 2765 488 2829 dubitationis
516 2768 650 2846 acceptio
682 2767 760 2830 dare
789 2785 841 2830 vos
864 2766 928 2830 diis
955 2785 1061 2830 seeum
1090 2765 1295 2830 disiunctioue
1324 2784 1363 2829 ea
1394 2767 1467 2846 ipsu

285 2867 456 2934 uelorum.
499 2868 688 2949 Iterumque
710 2869 772 2936 hoc
801 2869 871 2935 loco
894 2867 1181 2934 commonefaciam
1204 2887 1243 2934 ea
1266 2887 1352 2949 quae
1375 2871 1468 2950 apud

286 2970 427 3036 Gellium
452 2971 576 3052 scripta
598 2976 678 3036 sunt
700 2971 791 3036 Noct.
813 2973 883 3037 Att.
904 2971 941 3037 H
956 2973 1042 3054 28,2
1065 2971 1179 3054 (supra
1200 2991 1231 3052 p.
1248 2971 1310 3055 76).
1354 2971 1468 3053 Atque

286 3091 355 3137 rem
377 3073 482 3154 ipsam
505 3073 916 3155 exemplis⁶confirmemus
949 3077 1035 3141 n.-51
1060 3074 1236 3156 (piaculum
1252 3074 1286 3139 in
1302 3075 1375 3139 luco
1391 3093 1467 3140 con-

286 3175 425 3241 lucando
440 3174 593 3261 factum):
616 3178 646 3241 si
663 3176 737 3241 deus
752 3180 780 3241 si
794 3177 851 3240 deo
865 3197 905 3260 es,
927 3179 1054 3261 quoium
1068 3178 1152 3242 illuct
1170 3197 1294 3241 socrum
1310 3184 1368 3259 est3
1391 3177 1466 3245 Liv.

286 3278 354 3343 VII
376 3280 426 3360 26,
448 3280 485 3345 4:
506 3278 656 3343 Precatus
676 3279 805 3344 deiude:
825 3281 856 3343 si
876 3280 966 3344 diuus
987 3282 1017 3344 si
1036 3280 1111 3344 diua
1125 3287 1209 3358 esset,
1232 3283 1288 3364 qui
1301 3280 1362 3344 sibi
1374 3300 1466 3361 prae·

285 3386 384 3464 petam
419 3383 565 3460 misisset,
598 3383 698 3446 uolens
731 3384 887 3464 propitiam
918 3383 1050 3464 adessem
1083 3402 1115 3448 n.
1143 3384 1185 3447 22
1222 3382 1465 3467 (pervetustum

287 3483 491 3550 evocationis
512 3489 670 3565 carmem:
696 3487 725 3549 si
750 3485 825 3548 deus
845 3487 874 3549 si
896 3485 952 3548 dea
982 3492 1025 3549 est
1053 3487 1106 3548 cui
1129 3487 1268 3569 populus
1300 3487 1467 3570 civitasque

289 3585 556 3667 Cartiupiuieusis
577 3591 621 3650 est
649 3589 684 3650 iu
706 3588 810 3651 tutela.
856 3587 905 3652 af.
929 3587 1140 3653 011211114
1162 3588 1209 3672 (in
1227 3607 1311 3654 arae
1335 3589 1468 3654 dedica·

288 3688 403 3773 tione):
425 3692 467 3752 sei
488 3688 563 3752 ctera
582 3690 628 3752 sei
647 3689 714 3772 (tea,
743 3709 808 3770 qua
831 3708 872 3755 ex
893 3690 1117 3773 inscriptione,
1139 3710 1212 3757 cum
1235 3690 1337 3757 Gellii
1360 3691 1467 3774 (Noct.

288 3794 358 3857 Att
378 3792 415 3856 Il
438 3792 487 3872 28,
511 3792 544 3874 2)
570 3792 674 3858 verba
696 3792 876 3876 respiciam,
906 3793 1016 3860 nescio
1037 3813 1080 3859 an
1110 3793 1221 3876 colligi
1244 3793 1350 3874 possit
1373 3813 1468 3860 aram

287 3894 378 3959 illam
392 3893 504 3960 verbis
517 3893 585 3960 illis
604 3894 792 3975 praeditam
810 3901 944 3977 propter
962 3901 1073 3961 terrae
1092 3905 1214 3963 motum
1229 3915 1301 3962 esse
1313 3897 1467 3978 positam.

289 4148 311 4202 (J
370 4064 386 4200 1¹
405 4064 459 4118 Cic.
478 4064 509 4118 ds
528 4065 585 4119 har.
603 4080 671 4133 resp.
689 4065 737 4134 333
755 4064 815 4120 Liv.
834 4065 927 4118 XXXI
946 4064 991 4134 163
1009 4065 1109 4120 Arnob.
1123 4065 1184 4121 adv.
1203 4070 1260 4120 nat.
1274 4066 1314 4121 IV
1327 4066 1376 4136 313
1395 4067 1470 4123 Plnt.

313 4148 386 4203 orio.
406 4149 448 4214 25,
466 4151 491 4203 2,

377 4233 463 4288 'Hoc
480 4235 757 4291 loco-commemorem
783 4235 877 4290 Palem
902 4236 982 4291 deum
1000 4236 1097 4292 incerti
1115 4253 1203 4307 sexus,
1229 4237 1262 4292 cf.
1281 4237 1314 4294 G.
1333 4238 1473 4295 Wissowa

288 4319 319 4374 in
336 4319 466 4373 Roscheri
482 4321 581 4375 Lexico
600 4322 652 4378 vol
667 4322 713 4376 ΠΙ
731 4322 746 4375 1
764 4338 790 4388 p.
804 4321 871 4375 1276
889 4338 910 4377 s.
928 4339 954 4379 v.
967 4322 1057 4377 Palea.
