3120 4920
271 297 319 364 70
749 296 882 365 Georgius
899 295 988 365 Appol

270 465 434 535 salutatio

361 568 492 636 Vitruv.
513 567 563 634 IV
584 568 615 652 b,
635 569 671 650 23
693 567 805 635 Senec.
828 567 925 650 epist.
946 568 997 653 95,
1018 569 1069 635 47.

272 671 473 755 supplicatio
1133 749 1136 753 ,

363 774 427 841 Cic.
450 774 486 840 in
509 773 643 840 Catilin.
664 773 718 839 III
742 774 798 855 153
821 772 964 856 Philipp.
986 774 1069 841 XIV
1083 776 1140 856 373
1164 775 1255 841 Caes.
1277 775 1354 842 bell
1369 775 1459 844 Gall.

281 945 285 953 ,
362 877 498 959 V11903
521 876 594 943 Liv.
616 876 713 959 V32,
732 877 769 958 3;
791 876 877 943 XXI
893 878 943 962 17,
957 880 993 960 4;
1015 877 1167 944 XXXVI
1188 879 1239 960 37,
1257 879 1278 944 5
1307 879 1458 962 saepius;

362 979 493 1069 Sueten.
517 978 605 1046 Caes
629 980 671 1043 24
694 983 778 1045 extr.

272 1084 454 1150 obtestatio

361 1186 434 1253 Liv.
456 1187 592 1254 XXVII
613 1187 664 1270 50,
688 1185 718 1252 b.

273 1289 448 1357 veneratio

280 1405 286 1413 ·
362 1392 456 1460 Serv.
478 1394 522 1458 ad
545 1392 627 1459 Aen.
648 1393 716 1460 VH
737 1392 811 1459 610.

273 1494 444 1563 luvocatio

363 1596 473 1681 Quint.
495 1597 572 1664 inst.
595 1617 640 1664 or.
661 1599 695 1663 X
717 1601 744 1680 1,
764 1599 823 1680 483
845 1597 968 1663 Paulus
990 1595 1085 1663 Festi
1106 1616 1137 1679 p.
1160 1597 1231 1680 107,
1255 1599 1295 1663 17
1308 1597 1358 1680 Μ;
1381 1596 1457 1664 Ser·

364 1701 438 1767 vius
461 1703 504 1767 ad
526 1703 608 1767 Aen.
630 1701 682 1766 IX
704 1701 776 1768 402.

362 1855 451 1939 Quos
481 1856 608 1923 indices
637 1856 666 1923 si
695 1856 947 1939 perlustramus,
974 1855 1128 1945 videmus
1154 1855 1317 1937 permulta
1344 1854 1455 1938 verba,

273 1957 396 2039 quibus
418 1958 490 2040 ipse
513 1959 707 2042 designatur
728 1959 885 2040 precandi
908 1962 1010 2040 actus,
1036 1958 1205 2041 multaque
1227 1957 1360 2023 nomina
1381 1975 1455 2039 pre·

274 2061 417 2127 cationis
448 2063 661 2128 substantiva
689 2063 858 2143 pertinere
887 2063 931 2128 ad
959 2061 1073 2143 locum,
1102 2061 1160 2126 uhi
1189 2062 1270 2126 deus
1299 2064 1456 2142 moratur,

272 2183 349 2248 cum
365 2163 512 2230 homines
528 2166 667 2230 credant
681 2167 778 2230 deum
798 2165 853 2232 vel
873 2167 990 2230 adesse
1004 2164 1059 2231 vel
1073 2165 1198 2230 abesse.
1242 2162 1455 2228 Praesentem

271 2267 372 2331 deum
388 2265 531 2332 indicari
546 2272 685 2348 apparet
699 2267 810 2335 verbis
825 2269 964 2331 salutare
978 2267 1158 2351 (salutatio),
1179 2264 1382 2331 consolatore.
1404 2264 1456 2330 Ex

272 2368 441 2434 nonnullis
464 2369 642 2454 vocabulis,
665 2389 750 2452 quae
772 2369 937 2452 simplices
958 2368 1114 2450 loquendi
1136 2387 1232 2438 voces
1255 2372 1341 2452 sunt,
1363 2367 1456 2434 velut

272 2471 383 2554 affari,
404 2472 540 2557 profari,
562 2473 688 2558 alloqui,
710 2494 799 2538 orare
815 2472 948 2557 (oratio),
970 2471 1103 2535 adorare
1124 2470 1299 2554 (adoratio),
1321 2489 1457 2551 exorare,

272 2574 441 2658 appellare,
456 2576 646 2662 compellare,
660 2577 743 2643 nihil
759 2576 843 2642 certi
858 2575 969 2658 colligi
984 2579 1101 2658 potest,
1118 2573 1196 2656 quia
1211 2592 1283 2640 cum
1305 2574 1348 2638 ad
1362 2591 1457 2654 prae·

273 2682 387 2757 sentes
409 2683 479 2744 tum
496 2681 540 2744 ad
555 2681 709 2746 absentes
732 2681 816 2762 deos,
839 2679 896 2760 qui
910 2698 951 2744 ex
971 2677 1149 2760 longinquo
1167 2675 1315 2758 audiant,
1337 2673 1458 2741 referri

276 2785 423 2861 possunt.
482 2781 547 2847 Sed
576 2783 680 2850 verba
708 2781 850 2849 vocandi
879 2786 1056 2861 ceteraque
1088 2780 1252 2846 vocabula
1281 2778 1330 2844 eis
1360 2795 1455 2860 prae·

275 2883 497 2964 positionibus
516 2885 681 2969 praedita,
711 2887 830 2966 quibus
851 2884 1077 2967 longinquitas
1100 2884 1259 2964 quaedam
1280 2881 1457 2963 indicatur,

277 2987 320 3051 ad
350 2987 438 3069 deos,
467 2989 523 3067 qui
552 2990 682 3072 absunt,
712 2987 885 3054 referenda
913 2992 1006 3054 sunt:
1036 2989 1127 3068 ciere,
1155 3005 1271 3067 uocare,
1300 2985 1457 3065 coenare,

277 3087 437 3172 adiurare,
460 3090 633 3175 adpreeari,
648 3093 797 3174 attestari,
819 3091 1009 3174 advenerari,
1024 3089 1182 3172 advocare,
1203 3088 1371 3168 implorare
1386 3086 1455 3171 (lm-

276 3191 430 3276 ploratio),
458 3195 634 3276 imprecari,
664 3197 805 3259 irrorare
825 3193 1007 3279 (invocatio).
1058 3193 1111 3258 Ex
1134 3191 1182 3258 eis
1201 3199 1312 3257 autem
1335 3189 1456 3270 verbis

279 3295 398 3375 quibus
421 3297 598 3363 exhibetur
620 3297 821 3380 praepositio
835 3297 880 3380 de,
902 3295 1056 3377 intellegi
1077 3299 1189 3376 potest
1210 3295 1288 3359 deos
1309 3292 1344 3358 in
1367 3293 1457 3359 caelo

279 3403 339 3464 aut
361 3403 452 3465 certe
468 3400 587 3466 altiore
610 3403 749 3482 quodam
764 3402 833 3468 loco
849 3403 1022 3468 versantes
1039 3397 1195 3480 cogitari:
1211 3396 1379 3478 deprecari,
1395 3394 1458 3479 (de-

274 3501 435 3586 precatio),
446 3502 633 3586 deaerierari,
645 3505 795 3570 deoocme.
817 3505 928 3584 Atque
940 3505 1072 3568 deorum
1082 3503 1178 3566 sedes
1190 3499 1225 3565 in
1240 3497 1359 3564 inferis
1370 3496 1457 3564 sitae

278 3603 510 3686 significantur
522 3607 658 3674 vocibus
670 3614 841 3689 eacaalare,
854 3607 994 3688 excitare,
1006 3623 1135 3686 evocare,
1149 3621 1321 3685 prouocare.
1343 3601 1458 3681 Neque

278 3708 381 3773 solum
398 3728 439 3774 ex
453 3709 610 3790 precandi
631 3711 800 3779 vocabulis
817 3709 929 3792 colligi
950 3712 1067 3790 potest,
1083 3725 1146 3787 quo
1161 3706 1231 3771 loco
1254 3705 1308 3771 dei
1330 3701 1458 3771 versari
1500 3702 1504 3708 ’

278 3814 447 3894 putentur,
461 3813 520 3878 sed
542 3812 644 3878 etiam
666 3812 765 3879 facile
783 3830 1025 3892 nonnumquam
1049 3808 1217 3890 conicitur,
1241 3826 1306 3888 qua
1328 3805 1458 3872 ratione

279 3932 394 3996 preces
407 3915 478 3980 deis
489 3916 678 3982 offerantur.
698 3917 782 3982 Nam
794 3933 906 3983 voces:
918 3901 1075 3994 accersire,
1087 3913 1174 3992 ciere,
1187 3912 1329 3993 accitare,
1340 3907 1458 3974 maela·

280 4036 374 4101 mare,
389 4039 501 4103 vorare,
513 4019 668 4103 advocare,
680 4020 830 4100 baccare,
841 4020 989 4099 inuocare,
1002 4035 1167 4097 provocare
1179 4018 1330 4096 spectare
1346 4016 1459 4094 putem

280 4121 323 4184 ad
346 4124 621 4204 comprecationes
644 4141 764 4204 magna
786 4123 890 4189 vooe¹
912 4124 1093 4200 susceptas.
1137 4117 1203 4183 Sed
1224 4117 1329 4183 verba
1350 4113 1457 4198 affari,

369 4292 378 4323 ¹
396 4291 421 4347 S.
439 4293 564 4349 Sudhaus
582 4293 687 4347 Laertes
704 4291 762 4346 aad
779 4290 856 4346 leisea
873 4290 968 4366 Belca,
987 4288 1092 4344 Arabio
1109 4287 1132 4356 s.
1150 4287 1185 4343 R.
1210 4287 1290 4342 Wiss.
1309 4285 1350 4340 IX
1368 4283 1458 4354 (1906)
