<?xml version="1.0" encoding="UTF-8"?>
<!DOCTYPE html PUBLIC "-//W3C//DTD XHTML 1.0 Transitional//EN"
    "http://www.w3.org/TR/xhtml1/DTD/xhtml1-transitional.dtd">
<html xmlns="http://www.w3.org/1999/xhtml" xml:lang="en" lang="en">
 <head>
  <title>
</title>
<meta http-equiv="Content-Type" content="text/html;charset=utf-8" />
  <meta name='ocr-system' content='tesseract 3.04.00' />
  <meta name='ocr-capabilities' content='ocr_page ocr_carea ocr_par ocr_line ocrx_word'/>
</head>
<body>
  <div class='ocr_page' id='page_1' title='image "./deprecationumro00appegoog_0041.png"; bbox 0 0 3120 4920; ppageno 0'>
   <div class='ocr_carea' id='block_1_1' title="bbox 246 311 958 381">
    <p class='ocr_par' dir='ltr' id='par_1_1' title="bbox 246 311 958 381">
     <span class='ocr_line' id='line_1_1' title="bbox 246 311 958 381; baseline 0 -14"><span class='ocrx_word' id='word_1_1' title='bbox 246 315 294 380; x_wconf 75' lang='lat'>84</span> <span class='ocrx_word' id='word_1_2' title='bbox 716 311 849 381; x_wconf 82' lang='lat' dir='ltr'>Georgius</span> <span class='ocrx_word' id='word_1_3' title='bbox 868 312 958 381; x_wconf 86' lang='lat' dir='ltr'>Appel</span> 
     </span>
    </p>
   </div>
   <div class='ocr_carea' id='block_1_2' title="bbox 246 482 1441 2830">
    <p class='ocr_par' dir='ltr' id='par_1_2' title="bbox 246 482 1437 1183">
     <span class='ocr_line' id='line_1_2' title="bbox 246 482 1437 568; baseline 0.001 -20"><span class='ocrx_word' id='word_1_4' title='bbox 246 486 401 566; x_wconf 41' lang='lat' dir='ltr'>,optimum</span> <span class='ocrx_word' id='word_1_5' title='bbox 425 486 597 548; x_wconf 74' lang='lat' dir='ltr'>monimum</span> <span class='ocrx_word' id='word_1_6' title='bbox 619 482 831 566; x_wconf 80' lang='lat' dir='ltr'>Iunonemque</span> <span class='ocrx_word' id='word_1_7' title='bbox 852 489 880 546; x_wconf 86' lang='lat' dir='ltr'>et</span> <span class='ocrx_word' id='word_1_8' title='bbox 894 482 1072 547; x_wconf 78' lang='lat' dir='ltr'>Mineruam</span> <span class='ocrx_word' id='word_1_9' title='bbox 1087 489 1258 567; x_wconf 82' lang='lat' dir='ltr'>ceterosque</span> <span class='ocrx_word' id='word_1_10' title='bbox 1278 483 1356 567; x_wconf 82' lang='lat' dir='ltr'>deos,</span> <span class='ocrx_word' id='word_1_11' title='bbox 1378 486 1437 568; x_wconf 80' lang='lat' dir='ltr'>qui</span> 
     </span>
     <span class='ocr_line' id='line_1_3' title="bbox 252 585 1435 670; baseline 0.002 -19"><span class='ocrx_word' id='word_1_12' title='bbox 252 586 403 670; x_wconf 78' lang='lat' dir='ltr'>Capitolio</span> <span class='ocrx_word' id='word_1_13' title='bbox 424 594 452 650; x_wconf 85' lang='lat' dir='ltr'>et</span> <span class='ocrx_word' id='word_1_14' title='bbox 473 588 541 650; x_wconf 78' lang='lat' dir='ltr'>orei</span> <span class='ocrx_word' id='word_1_15' title='bbox 558 586 744 670; x_wconf 76' lang='lat' dir='ltr'><strong><em>praesident,</em></strong></span> <span class='ocrx_word' id='word_1_16' title='bbox 767 585 952 649; x_wconf 83' lang='lat' dir='ltr'>salutandos</span> <span class='ocrx_word' id='word_1_17' title='bbox 975 585 1034 650; x_wconf 84' lang='lat' dir='ltr'><strong>ibo.</strong></span> <span class='ocrx_word' id='word_1_18' title='bbox 1086 585 1134 652; x_wconf 78' lang='lat' dir='ltr'>af.</span> <span class='ocrx_word' id='word_1_19' title='bbox 1157 586 1229 652; x_wconf 87' lang='lat' dir='ltr'><strong>Liv.</strong></span> <span class='ocrx_word' id='word_1_20' title='bbox 1252 586 1301 652; x_wconf 91' lang='lat' dir='ltr'>VI</span> <span class='ocrx_word' id='word_1_21' title='bbox 1324 589 1373 669; x_wconf 83' lang='lat'>16,</span> <span class='ocrx_word' id='word_1_22' title='bbox 1397 590 1435 670; x_wconf 79' lang='lat'>2;</span> 
     </span>
     <span class='ocr_line' id='line_1_4' title="bbox 252 687 1435 773; baseline 0.002 -17"><span class='ocrx_word' id='word_1_23' title='bbox 252 690 301 756; x_wconf 88' lang='lat' dir='ltr'>VI</span> <span class='ocrx_word' id='word_1_24' title='bbox 323 691 374 773; x_wconf 81' lang='lat'>29,</span> <span class='ocrx_word' id='word_1_25' title='bbox 389 692 425 771; x_wconf 79' lang='lat'>93</span> <span class='ocrx_word' id='word_1_26' title='bbox 444 689 494 756; x_wconf 86' lang='lat' dir='ltr'>IX</span> <span class='ocrx_word' id='word_1_27' title='bbox 518 691 569 772; x_wconf 82' lang='lat'>31,</span> <span class='ocrx_word' id='word_1_28' title='bbox 587 689 644 769; x_wconf 77' lang='lat'>103</span> <span class='ocrx_word' id='word_1_29' title='bbox 665 687 751 753; x_wconf 87' lang='lat' dir='ltr'>XXI</span> <span class='ocrx_word' id='word_1_30' title='bbox 773 688 824 770; x_wconf 82' lang='lat'>45,</span> <span class='ocrx_word' id='word_1_31' title='bbox 839 689 875 768; x_wconf 88' lang='lat'>8;</span> <span class='ocrx_word' id='word_1_32' title='bbox 899 707 950 754; x_wconf 93' lang='lat' dir='ltr'>no.</span> <span class='ocrx_word' id='word_1_33' title='bbox 969 688 1027 770; x_wconf 80' lang='lat'>903</span> <span class='ocrx_word' id='word_1_34' title='bbox 1050 688 1260 755; x_wconf 81' lang='lat' dir='ltr'>01L11172.</span> <span class='ocrx_word' id='word_1_35' title='bbox 1304 689 1435 758; x_wconf 83' lang='lat' dir='ltr'><strong>Similia</strong></span> 
     </span>
     <span class='ocr_line' id='line_1_5' title="bbox 247 790 1436 874; baseline 0.001 -16"><span class='ocrx_word' id='word_1_36' title='bbox 247 793 341 874; x_wconf 87' lang='lat' dir='ltr'>apud</span> <span class='ocrx_word' id='word_1_37' title='bbox 366 797 481 873; x_wconf 90' lang='lat' dir='ltr'>poetas</span> <span class='ocrx_word' id='word_1_38' title='bbox 510 791 734 873; x_wconf 84' lang='lat' dir='ltr'>inveniuntur,</span> <span class='ocrx_word' id='word_1_39' title='bbox 763 790 820 857; x_wconf 93' lang='lat' dir='ltr'>ubi</span> <span class='ocrx_word' id='word_1_40' title='bbox 849 791 970 856; x_wconf 90' lang='lat' dir='ltr'>iterum</span> <span class='ocrx_word' id='word_1_41' title='bbox 1000 791 1094 858; x_wconf 89' lang='lat' dir='ltr'><strong>dubii</strong></span> <span class='ocrx_word' id='word_1_42' title='bbox 1120 792 1293 857; x_wconf 88' lang='lat' dir='ltr'>haeremus</span> <span class='ocrx_word' id='word_1_43' title='bbox 1323 797 1436 859; x_wconf 91' lang='lat' dir='ltr'>utrum</span> 
     </span>
     <span class='ocr_line' id='line_1_6' title="bbox 248 893 1436 978; baseline 0.002 -18"><span class='ocrx_word' id='word_1_44' title='bbox 248 895 398 978; x_wconf 90' lang='lat' dir='ltr'>patrium</span> <span class='ocrx_word' id='word_1_45' title='bbox 426 914 469 960; x_wconf 93' lang='lat' dir='ltr'>an</span> <span class='ocrx_word' id='word_1_46' title='bbox 498 895 684 960; x_wconf 82' lang='lat' dir='ltr'>Graecum1</span> <span class='ocrx_word' id='word_1_47' title='bbox 714 898 896 973; x_wconf 87' lang='lat' dir='ltr'>sequantur</span> <span class='ocrx_word' id='word_1_48' title='bbox 926 893 1119 976; x_wconf 84' lang='lat' dir='ltr'>exemplum.</span> <span class='ocrx_word' id='word_1_49' title='bbox 1172 894 1209 960; x_wconf 91' lang='lat' dir='ltr'>V.</span> <span class='ocrx_word' id='word_1_50' title='bbox 1240 914 1266 960; x_wconf 86' lang='lat' dir='ltr'>e.</span> <span class='ocrx_word' id='word_1_51' title='bbox 1294 895 1436 962; x_wconf 90' lang='lat' dir='ltr'>Plautus</span> 
     </span>
     <span class='ocr_line' id='line_1_7' title="bbox 248 995 580 1064; baseline -0.009 0"><span class='ocrx_word' id='word_1_52' title='bbox 248 998 373 1064; x_wconf 81' lang='lat' dir='ltr'><strong>Bacch.</strong></span> <span class='ocrx_word' id='word_1_53' title='bbox 396 998 459 1062; x_wconf 83' lang='lat'>892</span> <span class='ocrx_word' id='word_1_54' title='bbox 483 995 580 1062; x_wconf 84' lang='lat' dir='ltr'>dicit:</span> 
     </span>
     <span class='ocr_line' id='line_1_8' title="bbox 674 1097 1230 1183; baseline -0.002 -19"><span class='ocrx_word' id='word_1_55' title='bbox 674 1099 729 1164; x_wconf 86' lang='lat' dir='ltr'>lta</span> <span class='ocrx_word' id='word_1_56' title='bbox 752 1117 803 1164; x_wconf 91' lang='lat' dir='ltr'>me</span> <span class='ocrx_word' id='word_1_57' title='bbox 824 1097 984 1180; x_wconf 89' lang='lat' dir='ltr'>Iuppiter,</span> <span class='ocrx_word' id='word_1_58' title='bbox 1006 1099 1098 1182; x_wconf 91' lang='lat' dir='ltr'>Iuno,</span> <span class='ocrx_word' id='word_1_59' title='bbox 1122 1098 1230 1183; x_wconf 81' lang='lat' dir='ltr'>Ceres,</span> 
     </span>
    </p>

    <p class='ocr_par' dir='ltr' id='par_1_3' title="bbox 408 1201 1251 1286">
     <span class='ocr_line' id='line_1_9' title="bbox 408 1201 1251 1286; baseline 0 -19"><span class='ocrx_word' id='word_1_60' title='bbox 408 1202 571 1283; x_wconf 88' lang='lat' dir='ltr'>Minerva,</span> <span class='ocrx_word' id='word_1_61' title='bbox 593 1201 733 1283; x_wconf 84' lang='lat' dir='ltr'><strong>Latona,</strong></span> <span class='ocrx_word' id='word_1_62' title='bbox 755 1201 846 1282; x_wconf 87' lang='lat' dir='ltr'>Spes,</span> <span class='ocrx_word' id='word_1_63' title='bbox 870 1201 959 1282; x_wconf 87' lang='lat' dir='ltr'>Opis,</span> <span class='ocrx_word' id='word_1_64' title='bbox 983 1201 1108 1285; x_wconf 70' lang='lat' dir='ltr'>Virtus</span> <span class='ocrx_word' id='word_1_65' title='bbox 1132 1202 1251 1286; x_wconf 72' lang='lat' dir='ltr'>Venus</span> 
     </span>
    </p>

    <p class='ocr_par' dir='ltr' id='par_1_4' title="bbox 409 1303 1249 1387">
     <span class='ocr_line' id='line_1_10' title="bbox 409 1303 1249 1387; baseline -0.002 -16"><span class='ocrx_word' id='word_1_66' title='bbox 409 1305 533 1387; x_wconf 81' lang='lat' dir='ltr'>Castor,</span> <span class='ocrx_word' id='word_1_67' title='bbox 555 1304 717 1385; x_wconf 73' lang='lat' dir='ltr'>Polluces</span> <span class='ocrx_word' id='word_1_68' title='bbox 739 1304 839 1384; x_wconf 75' lang='lat' dir='ltr'>Mars</span> <span class='ocrx_word' id='word_1_69' title='bbox 863 1303 1056 1386; x_wconf 75' lang='lat' dir='ltr'>Mercurius</span> <span class='ocrx_word' id='word_1_70' title='bbox 1080 1305 1249 1386; x_wconf 87' lang='lat' dir='ltr'>Hercules,</span> 
     </span>
    </p>

    <p class='ocr_par' dir='ltr' id='par_1_5' title="bbox 409 1405 1280 1490">
     <span class='ocr_line' id='line_1_11' title="bbox 409 1405 1280 1490; baseline -0.001 -17"><span class='ocrx_word' id='word_1_71' title='bbox 409 1409 611 1490; x_wconf 84' lang='lat' dir='ltr'><strong>Summanus,</strong></span> <span class='ocrx_word' id='word_1_72' title='bbox 633 1406 697 1487; x_wconf 86' lang='lat' dir='ltr'>Sol,</span> <span class='ocrx_word' id='word_1_73' title='bbox 720 1406 883 1472; x_wconf 83' lang='lat' dir='ltr'>Saturnus</span> <span class='ocrx_word' id='word_1_74' title='bbox 905 1405 1004 1486; x_wconf 84' lang='lat' dir='ltr'>dique</span> <span class='ocrx_word' id='word_1_75' title='bbox 1026 1425 1136 1472; x_wconf 91' lang='lat' dir='ltr'>omnes</span> <span class='ocrx_word' id='word_1_76' title='bbox 1160 1413 1280 1472; x_wconf 89' lang='lat' dir='ltr'>ament.</span> 
     </span>
    </p>

    <p class='ocr_par' dir='ltr' id='par_1_6' title="bbox 249 1509 1438 1800">
     <span class='ocr_line' id='line_1_12' title="bbox 310 1509 1436 1594; baseline -0.002 -16"><span class='ocrx_word' id='word_1_77' title='bbox 310 1509 314 1519; x_wconf 84' lang='lat'>&#39;</span> <span class='ocrx_word' id='word_1_78' title='bbox 342 1511 388 1578; x_wconf 78' lang='lat' dir='ltr'>Of.</span> <span class='ocrx_word' id='word_1_79' title='bbox 409 1512 518 1576; x_wconf 90' lang='lat' dir='ltr'>Plaut.</span> <span class='ocrx_word' id='word_1_80' title='bbox 547 1512 638 1576; x_wconf 81' lang='lat' dir='ltr'>Pers,</span> <span class='ocrx_word' id='word_1_81' title='bbox 662 1511 743 1590; x_wconf 76' lang='lat'>7553</span> <span class='ocrx_word' id='word_1_82' title='bbox 773 1509 869 1574; x_wconf 90' lang='lat' dir='ltr'>Most.</span> <span class='ocrx_word' id='word_1_83' title='bbox 891 1510 948 1590; x_wconf 83' lang='lat'>383</span> <span class='ocrx_word' id='word_1_84' title='bbox 981 1510 1098 1576; x_wconf 83' lang='lat' dir='ltr'><strong>Pseud.</strong></span> <span class='ocrx_word' id='word_1_85' title='bbox 1123 1511 1203 1592; x_wconf 81' lang='lat'><strong>8363</strong></span> <span class='ocrx_word' id='word_1_86' title='bbox 1233 1511 1333 1576; x_wconf 90' lang='lat' dir='ltr'>Mero.</span> <span class='ocrx_word' id='word_1_87' title='bbox 1356 1512 1436 1594; x_wconf 83' lang='lat'>931;</span> 
     </span>
     <span class='ocr_line' id='line_1_13' title="bbox 250 1612 1438 1698; baseline -0.002 -16"><span class='ocrx_word' id='word_1_88' title='bbox 250 1615 380 1698; x_wconf 88' lang='lat' dir='ltr'>Vergil.</span> <span class='ocrx_word' id='word_1_89' title='bbox 403 1614 521 1695; x_wconf 85' lang='lat' dir='ltr'>Georg.</span> <span class='ocrx_word' id='word_1_90' title='bbox 551 1613 644 1693; x_wconf 77' lang='lat'>1213</span> <span class='ocrx_word' id='word_1_91' title='bbox 677 1615 757 1676; x_wconf 90' lang='lat' dir='ltr'>Aen.</span> <span class='ocrx_word' id='word_1_92' title='bbox 787 1612 834 1676; x_wconf 91' lang='lat' dir='ltr'>VI</span> <span class='ocrx_word' id='word_1_93' title='bbox 861 1613 918 1692; x_wconf 83' lang='lat'>643</span> <span class='ocrx_word' id='word_1_94' title='bbox 949 1612 1069 1678; x_wconf 80' lang='lat' dir='ltr'>&#39;libuli</span> <span class='ocrx_word' id='word_1_95' title='bbox 1091 1612 1222 1696; x_wconf 84' lang='lat' dir='ltr'>(Lygd.)</span> <span class='ocrx_word' id='word_1_96' title='bbox 1253 1613 1305 1679; x_wconf 93' lang='grc' dir='ltr'>ΠΙ</span> <span class='ocrx_word' id='word_1_97' title='bbox 1327 1615 1356 1696; x_wconf 85' lang='grc'>5,</span> <span class='ocrx_word' id='word_1_98' title='bbox 1380 1616 1438 1696; x_wconf 81' lang='grc'>21;</span> 
     </span>
     <span class='ocr_line' id='line_1_14' title="bbox 249 1714 1438 1800; baseline 0.005 -22"><span class='ocrx_word' id='word_1_99' title='bbox 249 1717 352 1785; x_wconf 42' lang='lat' dir='ltr'>ffoviu.</span> <span class='ocrx_word' id='word_1_100' title='bbox 363 1716 441 1783; x_wconf 89' lang='lat' dir='ltr'>fast.</span> <span class='ocrx_word' id='word_1_101' title='bbox 453 1716 500 1781; x_wconf 90' lang='lat' dir='ltr'>IV</span> <span class='ocrx_word' id='word_1_102' title='bbox 513 1717 593 1796; x_wconf 79' lang='lat'>8293</span> <span class='ocrx_word' id='word_1_103' title='bbox 607 1714 677 1780; x_wconf 86' lang='lat' dir='ltr'><strong>Ibis</strong></span> <span class='ocrx_word' id='word_1_104' title='bbox 692 1717 751 1796; x_wconf 76' lang='lat'>673</span> <span class='ocrx_word' id='word_1_105' title='bbox 769 1715 880 1780; x_wconf 79' lang='lat' dir='ltr'>Senes.</span> <span class='ocrx_word' id='word_1_106' title='bbox 895 1716 982 1780; x_wconf 90' lang='lat' dir='ltr'>Med.</span> <span class='ocrx_word' id='word_1_107' title='bbox 994 1718 1013 1780; x_wconf 82' lang='lat'><strong>7</strong></span> <span class='ocrx_word' id='word_1_108' title='bbox 1021 1740 1029 1796; x_wconf 83' lang='lat'>3</span> <span class='ocrx_word' id='word_1_109' title='bbox 1048 1717 1180 1782; x_wconf 87' lang='lat' dir='ltr'>Anthol.</span> <span class='ocrx_word' id='word_1_110' title='bbox 1195 1716 1305 1782; x_wconf 88' lang='lat' dir='ltr'>Latin.</span> <span class='ocrx_word' id='word_1_111' title='bbox 1317 1716 1334 1781; x_wconf 94' lang='lat' dir='ltr'>I</span> <span class='ocrx_word' id='word_1_112' title='bbox 1347 1719 1398 1800; x_wconf 82' lang='grc'>17,</span> <span class='ocrx_word' id='word_1_113' title='bbox 1409 1719 1438 1784; x_wconf 91' lang='grc'>6.</span> 
     </span>
    </p>

    <p class='ocr_par' dir='ltr' id='par_1_7' title="bbox 249 1817 1440 2208">
     <span class='ocr_line' id='line_1_15' title="bbox 342 1817 1439 1900; baseline 0.001 -15"><span class='ocrx_word' id='word_1_114' title='bbox 342 1821 522 1886; x_wconf 87' lang='lat' dir='ltr'>Rhetorum</span> <span class='ocrx_word' id='word_1_115' title='bbox 546 1818 684 1899; x_wconf 89' lang='lat' dir='ltr'>denique</span> <span class='ocrx_word' id='word_1_116' title='bbox 701 1817 812 1882; x_wconf 82' lang='lat' dir='ltr'>Cicero</span> <span class='ocrx_word' id='word_1_117' title='bbox 827 1819 973 1883; x_wconf 83' lang='lat' dir='ltr'>Romane</span> <span class='ocrx_word' id='word_1_118' title='bbox 995 1837 1032 1883; x_wconf 89' lang='lat' dir='ltr'>se</span> <span class='ocrx_word' id='word_1_119' title='bbox 1053 1838 1170 1900; x_wconf 78' lang='lat' dir='ltr'>gerere</span> <span class='ocrx_word' id='word_1_120' title='bbox 1186 1819 1329 1885; x_wconf 86' lang='lat' dir='ltr'>videtur.</span> <span class='ocrx_word' id='word_1_121' title='bbox 1373 1821 1439 1886; x_wconf 89' lang='lat' dir='ltr'>Pro</span> 
     </span>
     <span class='ocr_line' id='line_1_16' title="bbox 249 1919 1440 2006; baseline -0.003 -17"><span class='ocrx_word' id='word_1_122' title='bbox 249 1923 290 1990; x_wconf 73' lang='grc' dir='ltr'>Ὀ.</span> <span class='ocrx_word' id='word_1_123' title='bbox 305 1922 442 1989; x_wconf 88' lang='lat' dir='ltr'><strong>Rabirio</strong></span> <span class='ocrx_word' id='word_1_124' title='bbox 456 1921 614 2004; x_wconf 89' lang='lat' dir='ltr'>perduell.</span> <span class='ocrx_word' id='word_1_125' title='bbox 628 1939 684 1986; x_wconf 89' lang='lat' dir='ltr'>reo</span> <span class='ocrx_word' id='word_1_126' title='bbox 699 1921 765 2004; x_wconf 73' lang='lat'>§52</span> <span class='ocrx_word' id='word_1_127' title='bbox 782 1920 830 1983; x_wconf 83' lang='lat' dir='ltr'>Ao</span> <span class='ocrx_word' id='word_1_128' title='bbox 845 1919 915 1984; x_wconf 83' lang='lat' dir='ltr'>ione</span> <span class='ocrx_word' id='word_1_129' title='bbox 929 1923 1041 2000; x_wconf 83' lang='lat' dir='ltr'>optimo</span> <span class='ocrx_word' id='word_1_130' title='bbox 1056 1924 1191 1985; x_wconf 74' lang='lat' dir='ltr'>anonimo</span> <span class='ocrx_word' id='word_1_131' title='bbox 1205 1924 1370 2006; x_wconf 82' lang='lat' dir='ltr'>ceterisque</span> <span class='ocrx_word' id='word_1_132' title='bbox 1388 1922 1440 1986; x_wconf 78' lang='lat' dir='ltr'>de‘s</span> 
     </span>
     <span class='ocr_line' id='line_1_17' title="bbox 249 2022 1440 2108; baseline 0 -18"><span class='ocrx_word' id='word_1_133' title='bbox 249 2026 429 2108; x_wconf 71' lang='lat' dir='ltr'>deabusque</span> <span class='ocrx_word' id='word_1_134' title='bbox 443 2076 451 2091; x_wconf 89' lang='lat'><strong>.</strong></span> <span class='ocrx_word' id='word_1_135' title='bbox 466 2076 496 2090; x_wconf 85' lang='lat'>..</span> <span class='ocrx_word' id='word_1_136' title='bbox 516 2044 622 2104; x_wconf 83' lang='lat' dir='ltr'>paoem</span> <span class='ocrx_word' id='word_1_137' title='bbox 642 2025 821 2102; x_wconf 80' lang='lat' dir='ltr'>ueniamque</span> <span class='ocrx_word' id='word_1_138' title='bbox 842 2030 917 2102; x_wconf 82' lang='lat' dir='ltr'>peto.</span> <span class='ocrx_word' id='word_1_139' title='bbox 961 2022 1008 2088; x_wconf 78' lang='lat' dir='ltr'>ef.</span> <span class='ocrx_word' id='word_1_140' title='bbox 1023 2043 1054 2089; x_wconf 90' lang='lat' dir='ltr'>n.</span> <span class='ocrx_word' id='word_1_141' title='bbox 1069 2026 1127 2104; x_wconf 77' lang='lat'>883</span> <span class='ocrx_word' id='word_1_142' title='bbox 1150 2024 1305 2089; x_wconf 89' lang='lat' dir='ltr'>similiter</span> <span class='ocrx_word' id='word_1_143' title='bbox 1327 2044 1358 2090; x_wconf 88' lang='lat' dir='ltr'>n.</span> <span class='ocrx_word' id='word_1_144' title='bbox 1381 2026 1440 2106; x_wconf 75' lang='lat'>273</span> 
     </span>
     <span class='ocr_line' id='line_1_18' title="bbox 251 2126 1342 2208; baseline -0.002 -13"><span class='ocrx_word' id='word_1_145' title='bbox 251 2129 414 2195; x_wconf 87' lang='lat' dir='ltr'>indubio</span> <span class='ocrx_word' id='word_1_146' title='bbox 437 2146 480 2192; x_wconf 90' lang='lat' dir='ltr'>au</span> <span class='ocrx_word' id='word_1_147' title='bbox 502 2127 682 2191; x_wconf 89' lang='lat' dir='ltr'>Romanum</span> <span class='ocrx_word' id='word_1_148' title='bbox 705 2126 928 2207; x_wconf 90' lang='lat' dir='ltr'>relinquamus</span> <span class='ocrx_word' id='word_1_149' title='bbox 953 2127 1050 2192; x_wconf 85' lang='lat' dir='ltr'>Mart.</span> <span class='ocrx_word' id='word_1_150' title='bbox 1073 2126 1195 2208; x_wconf 86' lang='lat' dir='ltr'>Capell.</span> <span class='ocrx_word' id='word_1_151' title='bbox 1220 2127 1249 2191; x_wconf 87' lang='lat' dir='ltr'><strong>V</strong></span> <span class='ocrx_word' id='word_1_152' title='bbox 1270 2128 1342 2193; x_wconf 84' lang='grc'><strong>436.</strong></span> 
     </span>
    </p>

    <p class='ocr_par' dir='ltr' id='par_1_8' title="bbox 251 2227 1441 2830">
     <span class='ocr_line' id='line_1_19' title="bbox 345 2227 1440 2311; baseline -0.001 -15"><span class='ocrx_word' id='word_1_153' title='bbox 345 2230 484 2311; x_wconf 82' lang='lat' dir='ltr'>Saepius</span> <span class='ocrx_word' id='word_1_154' title='bbox 507 2235 616 2294; x_wconf 90' lang='lat' dir='ltr'>autem</span> <span class='ocrx_word' id='word_1_155' title='bbox 640 2227 770 2310; x_wconf 87' lang='lat' dir='ltr'>aooidit,</span> <span class='ocrx_word' id='word_1_156' title='bbox 798 2234 837 2294; x_wconf 90' lang='lat' dir='ltr'>ut</span> <span class='ocrx_word' id='word_1_157' title='bbox 865 2229 986 2294; x_wconf 89' lang='lat' dir='ltr'>omissa</span> <span class='ocrx_word' id='word_1_158' title='bbox 1008 2228 1210 2311; x_wconf 88' lang='lat' dir='ltr'>singulorum</span> <span class='ocrx_word' id='word_1_159' title='bbox 1233 2231 1368 2295; x_wconf 89' lang='lat' dir='ltr'>deorum</span> <span class='ocrx_word' id='word_1_160' title='bbox 1389 2229 1440 2295; x_wconf 93' lang='lat' dir='ltr'>in-</span> 
     </span>
     <span class='ocr_line' id='line_1_20' title="bbox 251 2331 1441 2414; baseline -0.003 -14"><span class='ocrx_word' id='word_1_161' title='bbox 251 2335 433 2401; x_wconf 88' lang='lat' dir='ltr'>·voeatione</span> <span class='ocrx_word' id='word_1_162' title='bbox 456 2331 660 2414; x_wconf 81' lang='lat' dir='ltr'>generaliter</span> <span class='ocrx_word' id='word_1_163' title='bbox 689 2337 820 2397; x_wconf 90' lang='lat' dir='ltr'>tantum</span> <span class='ocrx_word' id='word_1_164' title='bbox 850 2338 1029 2413; x_wconf 77' lang='lat' dir='ltr'>precentur</span> <span class='ocrx_word' id='word_1_165' title='bbox 1050 2332 1190 2398; x_wconf 89' lang='lat' dir='ltr'>Romani</span> <span class='ocrx_word' id='word_1_166' title='bbox 1224 2339 1259 2397; x_wconf 92' lang='lat' dir='ltr'>et</span> <span class='ocrx_word' id='word_1_167' title='bbox 1287 2331 1441 2399; x_wconf 81' lang='lat' dir='ltr'><strong>historici</strong></span> 
     </span>
     <span class='ocr_line' id='line_1_21' title="bbox 252 2434 1440 2518; baseline -0.003 -15"><span class='ocrx_word' id='word_1_168' title='bbox 252 2444 294 2502; x_wconf 87' lang='lat' dir='ltr'>et</span> <span class='ocrx_word' id='word_1_169' title='bbox 315 2441 440 2518; x_wconf 90' lang='lat' dir='ltr'>poetae.</span> <span class='ocrx_word' id='word_1_170' title='bbox 484 2434 576 2517; x_wconf 85' lang='lat' dir='ltr'>Quod</span> <span class='ocrx_word' id='word_1_171' title='bbox 600 2434 646 2517; x_wconf 88' lang='lat' dir='ltr'>fit,</span> <span class='ocrx_word' id='word_1_172' title='bbox 677 2439 715 2499; x_wconf 93' lang='lat' dir='ltr'>ut</span> <span class='ocrx_word' id='word_1_173' title='bbox 738 2435 906 2500; x_wconf 77' lang='lat' dir='ltr'>auditores</span> <span class='ocrx_word' id='word_1_174' title='bbox 929 2434 1057 2517; x_wconf 84' lang='lat' dir='ltr'>ingenti</span> <span class='ocrx_word' id='word_1_175' title='bbox 1079 2434 1306 2501; x_wconf 84' lang='lat' dir='ltr'>invocatorum</span> <span class='ocrx_word' id='word_1_176' title='bbox 1329 2434 1440 2500; x_wconf 90' lang='lat' dir='ltr'>multi·</span> 
     </span>
     <span class='ocr_line' id='line_1_22' title="bbox 259 2536 1441 2619; baseline -0.001 -14"><span class='ocrx_word' id='word_1_177' title='bbox 259 2540 376 2605; x_wconf 88' lang='lat' dir='ltr'>tudine</span> <span class='ocrx_word' id='word_1_178' title='bbox 405 2544 648 2618; x_wconf 86' lang='lat' dir='ltr'>exstupeseant.</span> <span class='ocrx_word' id='word_1_179' title='bbox 707 2536 808 2603; x_wconf 82' lang='lat' dir='ltr'>Cuius</span> <span class='ocrx_word' id='word_1_180' title='bbox 830 2537 879 2602; x_wconf 91' lang='lat' dir='ltr'>rei</span> <span class='ocrx_word' id='word_1_181' title='bbox 902 2538 983 2604; x_wconf 83' lang='lat' dir='ltr'>haee</span> <span class='ocrx_word' id='word_1_182' title='bbox 1005 2538 1141 2603; x_wconf 87' lang='lat' dir='ltr'>afferam</span> <span class='ocrx_word' id='word_1_183' title='bbox 1172 2538 1337 2619; x_wconf 85' lang='lat' dir='ltr'>exempla:</span> <span class='ocrx_word' id='word_1_184' title='bbox 1369 2537 1441 2604; x_wconf 87' lang='lat' dir='ltr'><strong>Liv.</strong></span> 
     </span>
     <span class='ocr_line' id='line_1_23' title="bbox 252 2639 1441 2724; baseline -0.005 -15"><span class='ocrx_word' id='word_1_185' title='bbox 252 2642 394 2709; x_wconf 88' lang='lat' dir='ltr'>XXVII</span> <span class='ocrx_word' id='word_1_186' title='bbox 415 2642 465 2724; x_wconf 80' lang='lat'>45,</span> <span class='ocrx_word' id='word_1_187' title='bbox 484 2642 519 2706; x_wconf 87' lang='lat'>8:</span> <span class='ocrx_word' id='word_1_188' title='bbox 543 2641 615 2704; x_wconf 84' lang='lat' dir='ltr'>oleos</span> <span class='ocrx_word' id='word_1_189' title='bbox 635 2659 738 2703; x_wconf 83' lang='lat' dir='ltr'>omnes</span> <span class='ocrx_word' id='word_1_190' title='bbox 759 2639 891 2724; x_wconf 80' lang='lat' dir='ltr'>deosque</span> <span class='ocrx_word' id='word_1_191' title='bbox 911 2640 1134 2722; x_wconf 81' lang='lat' dir='ltr'>preeobuatnr3</span> <span class='ocrx_word' id='word_1_192' title='bbox 1157 2659 1208 2706; x_wconf 82' lang='lat' dir='ltr'>ne.</span> <span class='ocrx_word' id='word_1_193' title='bbox 1228 2641 1282 2705; x_wconf 85' lang='lat'>19:</span> <span class='ocrx_word' id='word_1_194' title='bbox 1305 2639 1371 2704; x_wconf 81' lang='lat' dir='ltr'>divi</span> <span class='ocrx_word' id='word_1_195' title='bbox 1392 2639 1441 2704; x_wconf 85' lang='lat' dir='ltr'>di·</span> 
     </span>
     <span class='ocr_line' id='line_1_24' title="bbox 253 2743 891 2830; baseline -0.002 -22"><span class='ocrx_word' id='word_1_196' title='bbox 253 2766 382 2830; x_wconf 67' lang='lat' dir='ltr'>atowe,</span> <span class='ocrx_word' id='word_1_197' title='bbox 405 2746 459 2828; x_wconf 80' lang='lat' dir='ltr'>qni</span> <span class='ocrx_word' id='word_1_198' title='bbox 481 2745 583 2806; x_wconf 81' lang='lat' dir='ltr'>merie</span> <span class='ocrx_word' id='word_1_199' title='bbox 605 2748 765 2826; x_wconf 78' lang='lat' dir='ltr'>terresque</span> <span class='ocrx_word' id='word_1_200' title='bbox 786 2743 891 2808; x_wconf 80' lang='lat' dir='ltr'>colitis.</span> 
     </span>
    </p>
   </div>
   <div class='ocr_carea' id='block_1_3' title="bbox 253 2865 1446 3872">
    <p class='ocr_par' dir='ltr' id='par_1_9' title="bbox 253 2865 1446 3872">
     <span class='ocr_line' id='line_1_25' title="bbox 348 2865 1031 2944; baseline -0.007 -11"><span class='ocrx_word' id='word_1_201' title='bbox 348 2865 440 2933; x_wconf 86' lang='lat' dir='ltr'><strong>Ovid.</strong></span> <span class='ocrx_word' id='word_1_202' title='bbox 464 2872 541 2930; x_wconf 76' lang='lat' dir='ltr'>mel.</span> <span class='ocrx_word' id='word_1_203' title='bbox 562 2865 609 2930; x_wconf 93' lang='lat' dir='ltr'>VI</span> <span class='ocrx_word' id='word_1_204' title='bbox 632 2866 710 2929; x_wconf 79' lang='lat'>261:</span> <span class='ocrx_word' id='word_1_205' title='bbox 1025 2932 1031 2944; x_wconf 57' lang='grc'><strong>,</strong></span> 
     </span>
     <span class='ocr_line' id='line_1_26' title="bbox 416 2966 1377 3050; baseline 0.002 -18"><span class='ocrx_word' id='word_1_206' title='bbox 416 2966 579 3032; x_wconf 83' lang='lat' dir='ltr'>Bracchia</span> <span class='ocrx_word' id='word_1_207' title='bbox 601 2969 793 3050; x_wconf 85' lang='lat' dir='ltr'>sustulerat,</span> <span class='ocrx_word' id='word_1_208' title='bbox 817 2967 935 3050; x_wconf 84' lang='lat' dir='ltr'>„dique</span> <span class='ocrx_word' id='word_1_209' title='bbox 958 2986 977 3033; x_wconf 94' lang='lat' dir='ltr'>o</span> <span class='ocrx_word' id='word_1_210' title='bbox 999 2969 1213 3034; x_wconf 76' lang='lat' dir='ltr'>communiter</span> <span class='ocrx_word' id='word_1_211' title='bbox 1234 2969 1377 3034; x_wconf 87' lang='lat' dir='ltr'>omnes“.</span> 
     </span>
     <span class='ocr_line' id='line_1_27' title="bbox 348 3070 721 3138; baseline -0.005 0"><span class='ocrx_word' id='word_1_212' title='bbox 348 3072 460 3138; x_wconf 79' lang='lat' dir='ltr'>Senes.</span> <span class='ocrx_word' id='word_1_213' title='bbox 482 3070 621 3135; x_wconf 85' lang='lat' dir='ltr'>Phaedr.</span> <span class='ocrx_word' id='word_1_214' title='bbox 643 3071 721 3136; x_wconf 82' lang='lat'>604:</span> 
     </span>
     <span class='ocr_line' id='line_1_28' title="bbox 416 3175 913 3239; baseline -0.002 0"><span class='ocrx_word' id='word_1_215' title='bbox 416 3175 483 3239; x_wconf 88' lang='lat' dir='ltr'>Vos</span> <span class='ocrx_word' id='word_1_216' title='bbox 506 3179 612 3237; x_wconf 86' lang='lat' dir='ltr'>testor</span> <span class='ocrx_word' id='word_1_217' title='bbox 633 3192 743 3239; x_wconf 86' lang='lat' dir='ltr'>omnes</span> <span class='ocrx_word' id='word_1_218' title='bbox 766 3175 913 3239; x_wconf 80' lang='lat' dir='ltr'>caelites,</span> 
     </span>
     <span class='ocr_line' id='line_1_29' title="bbox 348 3276 1445 3360; baseline 0 -18"><span class='ocrx_word' id='word_1_219' title='bbox 348 3276 460 3342; x_wconf 85' lang='lat' dir='ltr'>Senee.</span> <span class='ocrx_word' id='word_1_220' title='bbox 483 3277 526 3340; x_wconf 90' lang='lat' dir='ltr'>ad</span> <span class='ocrx_word' id='word_1_221' title='bbox 548 3276 662 3358; x_wconf 89' lang='lat' dir='ltr'><strong>Polyb.</strong></span> <span class='ocrx_word' id='word_1_222' title='bbox 686 3278 725 3342; x_wconf 89' lang='lat' dir='ltr'>de</span> <span class='ocrx_word' id='word_1_223' title='bbox 749 3277 865 3342; x_wconf 86' lang='lat' dir='ltr'>consol.</span> <span class='ocrx_word' id='word_1_224' title='bbox 887 3277 957 3342; x_wconf 85' lang='grc' dir='ltr'>ΧΠ</span> <span class='ocrx_word' id='word_1_225' title='bbox 972 3277 1006 3342; x_wconf 90' lang='lat'>5:</span> <span class='ocrx_word' id='word_1_226' title='bbox 1029 3276 1063 3340; x_wconf 78' lang='lat' dir='ltr'>di</span> <span class='ocrx_word' id='word_1_227' title='bbox 1083 3277 1175 3341; x_wconf 77' lang='lat' dir='ltr'>illem</span> <span class='ocrx_word' id='word_1_228' title='bbox 1197 3276 1328 3360; x_wconf 80' lang='lat' dir='ltr'>deoeqae</span> <span class='ocrx_word' id='word_1_229' title='bbox 1348 3278 1445 3342; x_wconf 65' lang='lat' dir='ltr'>terrm</span> 
     </span>
     <span class='ocr_line' id='line_1_30' title="bbox 253 3378 561 3444; baseline -0.003 0"><span class='ocrx_word' id='word_1_230' title='bbox 253 3379 321 3444; x_wconf 71' lang='lat' dir='ltr'>ota</span> <span class='ocrx_word' id='word_1_231' title='bbox 342 3378 561 3444; x_wconf 59' lang='lat' dir='ltr'>eornmodenea</span> 
     </span>
     <span class='ocr_line' id='line_1_31' title="bbox 350 3480 1444 3564; baseline 0.001 -17"><span class='ocrx_word' id='word_1_232' title='bbox 350 3481 412 3547; x_wconf 88' lang='lat' dir='ltr'>Sed</span> <span class='ocrx_word' id='word_1_233' title='bbox 435 3481 568 3562; x_wconf 90' lang='lat' dir='ltr'>saepius</span> <span class='ocrx_word' id='word_1_234' title='bbox 590 3499 656 3546; x_wconf 92' lang='lat' dir='ltr'>non</span> <span class='ocrx_word' id='word_1_235' title='bbox 671 3481 718 3546; x_wconf 89' lang='lat' dir='ltr'>dii</span> <span class='ocrx_word' id='word_1_236' title='bbox 736 3481 771 3545; x_wconf 93' lang='lat' dir='ltr'>in</span> <span class='ocrx_word' id='word_1_237' title='bbox 786 3480 973 3545; x_wconf 91' lang='lat' dir='ltr'>universum</span> <span class='ocrx_word' id='word_1_238' title='bbox 993 3481 1189 3564; x_wconf 82' lang='lat' dir='ltr'>excitantur,</span> <span class='ocrx_word' id='word_1_239' title='bbox 1212 3480 1308 3546; x_wconf 92' lang='lat' dir='ltr'>immo</span> <span class='ocrx_word' id='word_1_240' title='bbox 1330 3487 1444 3548; x_wconf 82' lang='lat' dir='ltr'>certus</span> 
     </span>
     <span class='ocr_line' id='line_1_32' title="bbox 255 3582 1444 3667; baseline 0 -17"><span class='ocrx_word' id='word_1_241' title='bbox 255 3584 396 3667; x_wconf 83' lang='lat' dir='ltr'>¹quidam</span> <span class='ocrx_word' id='word_1_242' title='bbox 420 3589 455 3649; x_wconf 91' lang='lat' dir='ltr'>et</span> <span class='ocrx_word' id='word_1_243' title='bbox 474 3585 562 3649; x_wconf 90' lang='lat' dir='ltr'>solus</span> <span class='ocrx_word' id='word_1_244' title='bbox 578 3585 668 3660; x_wconf 73' lang='lat' dir='ltr'>deus</span> <span class='ocrx_word' id='word_1_245' title='bbox 691 3583 725 3649; x_wconf 88' lang='lat' dir='ltr'>iu</span> <span class='ocrx_word' id='word_1_246' title='bbox 748 3585 833 3664; x_wconf 89' lang='lat' dir='ltr'>quod</span> <span class='ocrx_word' id='word_1_247' title='bbox 856 3583 1022 3665; x_wconf 89' lang='lat' dir='ltr'>epropria</span> <span class='ocrx_word' id='word_1_248' title='bbox 1044 3585 1185 3663; x_wconf 89' lang='lat' dir='ltr'>quadam</span> <span class='ocrx_word' id='word_1_249' title='bbox 1201 3582 1264 3658; x_wconf 84' lang='lat' dir='ltr'>dei,</span> <span class='ocrx_word' id='word_1_250' title='bbox 1286 3583 1343 3664; x_wconf 90' lang='lat' dir='ltr'>qui</span> <span class='ocrx_word' id='word_1_251' title='bbox 1366 3586 1444 3650; x_wconf 88' lang='lat' dir='ltr'>ado·</span> 
     </span>
     <span class='ocr_line' id='line_1_33' title="bbox 259 3686 1445 3770; baseline 0 -17"><span class='ocrx_word' id='word_1_252' title='bbox 259 3695 367 3770; x_wconf 87' lang='lat' dir='ltr'>ratur,</span> <span class='ocrx_word' id='word_1_253' title='bbox 390 3693 556 3769; x_wconf 86' lang='lat' dir='ltr'>potestate</span> <span class='ocrx_word' id='word_1_254' title='bbox 572 3686 643 3752; x_wconf 91' lang='lat' dir='ltr'>sive</span> <span class='ocrx_word' id='word_1_255' title='bbox 659 3686 693 3753; x_wconf 91' lang='lat' dir='ltr'>vi</span> <span class='ocrx_word' id='word_1_256' title='bbox 710 3689 850 3768; x_wconf 87' lang='lat' dir='ltr'>pendere</span> <span class='ocrx_word' id='word_1_257' title='bbox 866 3696 1120 3753; x_wconf 85' lang='lat' dir='ltr'>consentaneum</span> <span class='ocrx_word' id='word_1_258' title='bbox 1137 3691 1197 3752; x_wconf 89' lang='lat' dir='ltr'>est.</span> <span class='ocrx_word' id='word_1_259' title='bbox 1240 3686 1323 3751; x_wconf 90' lang='lat' dir='ltr'>Nam</span> <span class='ocrx_word' id='word_1_260' title='bbox 1340 3687 1445 3753; x_wconf 86' lang='lat' dir='ltr'>otiam</span> 
     </span>
     <span class='ocr_line' id='line_1_34' title="bbox 257 3788 1446 3872; baseline 0 -17"><span class='ocrx_word' id='word_1_261' title='bbox 257 3791 483 3856; x_wconf 71' lang='lat' dir='ltr'>‚Romanorum</span> <span class='ocrx_word' id='word_1_262' title='bbox 504 3789 539 3855; x_wconf 93' lang='lat' dir='ltr'>in</span> <span class='ocrx_word' id='word_1_263' title='bbox 562 3790 653 3854; x_wconf 90' lang='lat' dir='ltr'>oultu</span> <span class='ocrx_word' id='word_1_264' title='bbox 668 3789 763 3854; x_wconf 92' lang='lat' dir='ltr'>nobis</span> <span class='ocrx_word' id='word_1_265' title='bbox 785 3793 961 3854; x_wconf 84' lang='lat' dir='ltr'>occurrunt</span> <span class='ocrx_word' id='word_1_266' title='bbox 976 3788 1161 3871; x_wconf 89' lang='lat' dir='ltr'>singulares</span> <span class='ocrx_word' id='word_1_267' title='bbox 1183 3788 1246 3871; x_wconf 82' lang='lat' dir='ltr'>(lei,</span> <span class='ocrx_word' id='word_1_268' title='bbox 1268 3807 1446 3872; x_wconf 74' lang='lat' dir='ltr'>quoscum</span> 
     </span>
    </p>
   </div>
   <div class='ocr_carea' id='block_1_4' title="bbox 259 3959 1449 4372">
    <p class='ocr_par' dir='ltr' id='par_1_10' title="bbox 259 3959 1449 4372">
     <span class='ocr_line' id='line_1_35' title="bbox 355 3959 714 4015; baseline -0.003 -1"><span class='ocrx_word' id='word_1_269' title='bbox 355 3961 364 3993; x_wconf 89' lang='lat'>¹</span> <span class='ocrx_word' id='word_1_270' title='bbox 382 3960 491 4015; x_wconf 90' lang='lat' dir='ltr'>Homer.</span> <span class='ocrx_word' id='word_1_271' title='bbox 510 3959 576 4014; x_wconf 84' lang='lat' dir='ltr'>ilias</span> <span class='ocrx_word' id='word_1_272' title='bbox 594 3961 634 4014; x_wconf 91' lang='lat' dir='ltr'>Vl</span> <span class='ocrx_word' id='word_1_273' title='bbox 651 3959 714 4013; x_wconf 81' lang='lat'>476:</span> 
     </span>
     <span class='ocr_line' id='line_1_36' title="bbox 473 4041 1197 4113; baseline -0.003 -17"><span class='ocrx_word' id='word_1_274' title='bbox 473 4045 527 4097; x_wconf 82' lang='grc' dir='ltr'>Ζεῦ</span> <span class='ocrx_word' id='word_1_275' title='bbox 544 4042 620 4095; x_wconf 65' lang='grc' dir='ltr'><em>ἄλλοι</em></span> <span class='ocrx_word' id='word_1_276' title='bbox 638 4065 667 4095; x_wconf 79' lang='grc' dir='ltr'>τε</span> <span class='ocrx_word' id='word_1_277' title='bbox 686 4045 757 4113; x_wconf 73' lang='grc' dir='ltr'><strong>θεοί,</strong></span> <span class='ocrx_word' id='word_1_278' title='bbox 775 4041 837 4095; x_wconf 78' lang='grc' dir='ltr'><em>δότε</em></span> <span class='ocrx_word' id='word_1_279' title='bbox 855 4042 887 4107; x_wconf 73' lang='grc' dir='ltr'>δὴ</span> <span class='ocrx_word' id='word_1_280' title='bbox 906 4047 951 4094; x_wconf 85' lang='grc' dir='ltr'>καὶ</span> <span class='ocrx_word' id='word_1_281' title='bbox 968 4041 1048 4095; x_wconf 81' lang='grc' dir='ltr'><strong><em>τόνδε</em></strong></span> <span class='ocrx_word' id='word_1_282' title='bbox 1064 4043 1197 4112; x_wconf 71' lang='grc' dir='ltr'>γενέσθαι</span> 
     </span>
     <span class='ocr_line' id='line_1_37' title="bbox 472 4127 1240 4199; baseline -0.003 -18"><span class='ocrx_word' id='word_1_283' title='bbox 472 4128 546 4182; x_wconf 60' lang='grc' dir='ltr'><em>παῖδ’</em></span> <span class='ocrx_word' id='word_1_284' title='bbox 564 4131 639 4196; x_wconf 77' lang='grc' dir='ltr'><strong>ἐμόν,</strong></span> <span class='ocrx_word' id='word_1_285' title='bbox 656 4130 691 4185; x_wconf 78' lang='grc' dir='ltr'>ὠς</span> <span class='ocrx_word' id='word_1_286' title='bbox 709 4134 753 4180; x_wconf 85' lang='grc' dir='ltr'>καὶ</span> <span class='ocrx_word' id='word_1_287' title='bbox 771 4128 825 4199; x_wconf 76' lang='grc' dir='ltr'>ἐγώ</span> <span class='ocrx_word' id='word_1_288' title='bbox 842 4149 903 4198; x_wconf 78' lang='grc' dir='ltr'>περ,</span> <span class='ocrx_word' id='word_1_289' title='bbox 920 4127 1072 4198; x_wconf 50' lang='lat' dir='ltr'>&amp;pomponia</span> <span class='ocrx_word' id='word_1_290' title='bbox 1094 4129 1240 4199; x_wconf 79' lang='grc' dir='ltr'><em>Τρώεσσιν,</em></span> 
     </span>
     <span class='ocr_line' id='line_1_38' title="bbox 354 4215 1449 4284; baseline 0.001 -13"><span class='ocrx_word' id='word_1_291' title='bbox 354 4215 366 4247; x_wconf 86' lang='lat'><strong>¹</strong></span> <span class='ocrx_word' id='word_1_292' title='bbox 383 4217 422 4271; x_wconf 91' lang='lat' dir='ltr'>Ut</span> <span class='ocrx_word' id='word_1_293' title='bbox 438 4218 506 4272; x_wconf 84' lang='lat' dir='ltr'>haec</span> <span class='ocrx_word' id='word_1_294' title='bbox 523 4218 640 4271; x_wconf 79' lang='lat' dir='ltr'>formula</span> <span class='ocrx_word' id='word_1_295' title='bbox 657 4217 724 4272; x_wconf 82' lang='lat' dir='ltr'>satis</span> <span class='ocrx_word' id='word_1_296' title='bbox 742 4216 858 4283; x_wconf 86' lang='lat' dir='ltr'>simplex</span> <span class='ocrx_word' id='word_1_297' title='bbox 875 4221 940 4284; x_wconf 87' lang='lat' dir='ltr'>erat,</span> <span class='ocrx_word' id='word_1_298' title='bbox 959 4222 988 4271; x_wconf 88' lang='lat' dir='ltr'>et</span> <span class='ocrx_word' id='word_1_299' title='bbox 1005 4216 1035 4269; x_wconf 92' lang='lat' dir='ltr'>in</span> <span class='ocrx_word' id='word_1_300' title='bbox 1051 4215 1250 4284; x_wconf 73' lang='lat' dir='ltr'>precationibus</span> <span class='ocrx_word' id='word_1_301' title='bbox 1267 4231 1320 4270; x_wconf 88' lang='lat' dir='ltr'>usu</span> <span class='ocrx_word' id='word_1_302' title='bbox 1337 4216 1449 4272; x_wconf 63' lang='lat' dir='ltr'>dotatis</span> 
     </span>
     <span class='ocr_line' id='line_1_39' title="bbox 259 4302 916 4372; baseline -0.005 -13"><span class='ocrx_word' id='word_1_303' title='bbox 259 4303 406 4372; x_wconf 64' lang='lat' dir='ltr'>remansit,</span> <span class='ocrx_word' id='word_1_304' title='bbox 424 4303 486 4359; x_wconf 87' lang='lat' dir='ltr'><strong>vido</strong></span> <span class='ocrx_word' id='word_1_305' title='bbox 504 4304 576 4357; x_wconf 87' lang='lat' dir='ltr'>inira</span> <span class='ocrx_word' id='word_1_306' title='bbox 593 4303 623 4356; x_wconf 92' lang='lat' dir='ltr'>in</span> <span class='ocrx_word' id='word_1_307' title='bbox 640 4303 720 4357; x_wconf 83' lang='lat' dir='ltr'>huius</span> <span class='ocrx_word' id='word_1_308' title='bbox 739 4302 836 4371; x_wconf 88' lang='lat' dir='ltr'>eapitis</span> <span class='ocrx_word' id='word_1_309' title='bbox 854 4303 916 4357; x_wconf 84' lang='lat' dir='ltr'>fine.</span> 
     </span>
    </p>
   </div>
   <div class='ocr_carea' id='block_1_5' title="bbox 0 0 1572 4920">
    <p class='ocr_par' dir='ltr' id='par_1_11' title="bbox 0 0 1572 4920">
     <span class='ocr_line' id='line_1_40' title="bbox 0 0 1572 4920; baseline 0 0"><span class='ocrx_word' id='word_1_310' title='bbox 0 0 1572 4920; x_wconf 95' lang='lat' dir='ltr'> </span> 
     </span>
    </p>
   </div>
  </div>
 </body>
</html>
