3120 4920
252 343 296 409 88
326 314 330 321 ι
718 340 853 411 Georgius
871 340 958 410 Appel

253 516 387 580 deorum
410 511 683 595 invocationibus
706 511 896 592 cuicumque
915 513 975 577 deo
997 529 1094 577 sacra
1115 509 1291 588 faciebant,
1314 512 1433 579 Ianum

252 619 349 682 deum
371 615 516 698 ineunte,
538 615 673 680 Vestam
695 616 790 680 deam
813 619 955 679 exeunte
983 613 1184 695 precationis
1207 614 1353 680 carmine
1382 634 1435 680 so-

252 719 331 785 litos
352 717 453 784 fuisse
477 720 625 794 adorare,
649 717 700 783 ita
728 722 766 782 ut
787 717 844 782 alii
866 716 919 782 dei
942 716 1036 797 quasi
1059 717 1101 782 ab
1124 723 1263 797 utroque
1284 719 1345 783 deo
1368 717 1431 784 cir·

253 821 545 887 cumcluderentur.
589 821 639 886 Ac
668 819 698 885 si
717 819 985 901 quaesiverimus,
1016 838 1081 900 qua
1109 821 1150 884 de
1173 837 1271 884 cause
1299 821 1435 886 deorum

253 923 478 990 invocatorem
500 922 535 988 in
558 923 643 989 serie
665 924 764 988 Ianus
794 921 932 1004 primum
954 922 1059 988 locum
1082 921 1242 1004 obtineat,
1271 923 1367 989 nobis
1396 924 1432 988 in

251 1032 394 1092 mentem
409 1026 504 1092 venit
519 1044 592 1092 eum
607 1045 671 1091 non
687 1026 790 1091 solum
806 1043 878 1090 esse
893 1027 988 1091 deum
1003 1029 1170 1106 portarum
1187 1043 1227 1090 ac
1249 1025 1433 1108 ianuarum,

252 1129 425 1195 sedetiam
449 1129 607 1210 cuiusque
629 1127 719 1193 initii
737 1127 874 1209 ideoque
897 1147 970 1193 eum
992 1127 1088 1193 initio
1111 1127 1336 1208 precationum
1358 1146 1433 1194 esse

252 1232 510 1298 advocandum1.
555 1231 732 1314 Augustiu.
762 1233 804 1296 (ie
826 1230 888 1297 civ.
910 1229 963 1296 dei
986 1230 1053 1296 VII
1074 1231 1110 1295 9:
1136 1229 1202 1293 Car
1223 1232 1250 1294 ei
1272 1231 1329 1314 (sc.
1351 1229 1432 1316 Ion)

246 1336 453 1417 praeponitur
473 1332 601 1397 Ianne?
621 1333 675 1397 hoc
697 1333 785 1397 nobis
806 1335 855 1397 cir
876 1334 928 1397 a'lle
949 1333 1151 1396 acutissimas
1178 1332 1435 1417 doansimnsqnc

251 1437 448 1516 respondeat:
478 1436 633 1517 Quoniam
658 1456 749 1516 penes
777 1435 904 1518 Ianam,
925 1437 1037 1519 inquit,
1062 1437 1178 1519 pre'rna,
1202 1455 1299 1519 penes
1327 1434 1434 1500 Ionem

251 1559 382 1604 samma.
425 1537 490 1604 Sed
512 1539 577 1606 iam
601 1541 643 1604 ad
666 1539 739 1620 ipsa
760 1537 950 1604 testimonia
971 1537 1265 1620 transgrediamur.

261 1680 265 1688 ·
338 1641 451 1707 Cicero
474 1643 514 1707 de
529 1646 652 1706 natura
667 1643 753 1707 deor.
769 1642 812 1707 II
826 1643 933 1730 Q
942 1666 949 1706 :
973 1639 1110 1724 Onmqne
1125 1642 1160 1704 in
1175 1641 1319 1705 anninus
1340 1641 1436 1706 rebns
1475 1656 1495 1690 s

250 1745 312 1808 nn
341 1744 484 1808 haberent
514 1747 684 1809 neanirnam
713 1746 821 1828 prena
849 1749 877 1808 et
899 1750 1045 1827 eetrerna,
1070 1745 1240 1827 principem
1269 1746 1305 1808 r‘n
1333 1747 1433 1809 seori·

248 1846 373 1928 picando
394 1846 512 1911 Ianam
533 1867 595 1912 esse
612 1847 780 1913 noluerant.

336 1951 480 2016 Macrob.
512 1950 678 2017 Saturnal.
707 1951 725 2016 I
753 1951 782 2032 9,
805 1942 849 2015 92‘
870 1938 988 2013 Ianam
1016 1951 1155 2013 c'nnoearr'
1181 1950 1329 2032 prirnnm,
1360 1970 1432 2014 cnm

251 2054 349 2117 alieni
370 2053 424 2116 deo
446 2073 498 2117 res
517 2053 626 2118 (liciae
647 2052 824 2136 celebratur,
846 2059 882 2116 nt
898 2073 958 2136 per
977 2073 1048 2116 enne
1065 2059 1172 2136 pateat
1193 2052 1238 2116 ad
1257 2053 1356 2134 illurn,
1378 2054 1434 2116 enr'

129 2154 131 2157 ’
250 2157 440 2239 immolatur,
463 2177 606 2240 arcessas,
637 2158 728 2241 qnasi
746 2175 850 2238 preces
870 2157 1043 2239 suppleam
1073 2175 1130 2236 per
1152 2162 1264 2239 portas
1291 2176 1366 2220 snas
1388 2156 1434 2220 aci

250 2258 322 2322 deos
344 2260 542 2325 transmittet.
1186 2276 1188 2280 ·

338 2361 384 2428 cf.
406 2367 579 2444 praeterea
601 2362 693 2430 Ovid.
716 2361 793 2428 fast.
816 2363 833 2428 I
856 2362 934 2441 1723
956 2359 1101 2426 Martini.
1124 2360 1227 2443 epigr.
1247 2360 1333 2426 VIII
1348 2362 1377 2443 8,
1394 2362 1431 2442 33

249 2464 284 2528 X
303 2464 353 2547 28,
376 2467 463 2547 lsq.;
486 2466 608 2532 Amob.
630 2467 706 2532 adv.
727 2469 794 2530 nat.
817 2465 942 2545 111293
964 2464 1076 2529 Aurei.
1098 2463 1214 2529 Victor
1236 2463 1318 2546 erig.
1339 2468 1429 2546 gent.

248 2566 340 2632 Rom.
361 2567 416 2634 III
439 2570 474 2650 73
505 2567 640 2634 Servius
669 2569 713 2634 ad
734 2569 817 2633 Aen.
847 2567 914 2632 VH
935 2567 1015 2648 6103
1045 2567 1187 2632 Mecrob.
1216 2570 1277 2632 sat.
1300 2566 1370 2648 19,
1393 2567 1431 2647 3;

248 2657 340 2752 116,
363 2671 422 2752 253
452 2671 576 2738 Paulus
606 2670 699 2737 Festi
728 2689 753 2736 s.
775 2690 805 2738 v.
836 2670 943 2736 Chaos
972 2690 1003 2751 p.
1026 2669 1124 2751 52M3
1153 2668 1281 2734 Paulin.
1311 2669 1431 2735 Nolan.

249 2773 357 2838 Poem.
381 2773 484 2840 ultim.
506 2793 554 2840 vs,
577 2775 627 2840 67.

258 2862 263 2873 “
337 2867 429 2958 Quae
451 2880 599 2942 veterum
621 2876 813 2942 testimonia
845 2874 1080 2942 confirmantur
1107 2873 1291 2941 devotionis
1313 2893 1429 2957 preca·

249 2977 340 3044 tione
361 2998 382 3043 a
403 2978 502 3044 Livio
524 2979 651 3044 tradita
677 2979 773 3061 (VIII
793 2980 822 3062 9,
845 2979 878 3062 6)
899 2997 930 3043 n.
950 2979 1009 3044 20:
1037 2977 1123 3061 Iane,
1152 2976 1303 3061 Iuppiter,
1331 2977 1432 3042 Mers

243 3066 347 3165 pater,
363 3080 502 3160 Quirine.
546 3082 728 3148 Praeterea
747 3101 785 3148 eo
804 3081 956 3165 carmine,
975 3083 1061 3162 quod
1080 3081 1114 3146 in
1133 3100 1285 3163 agrorum
1305 3080 1429 3147 lustra·

249 3182 341 3249 tione
362 3189 582 3267 nuncupatur,
612 3204 632 3250 a
662 3185 787 3252 Catone
817 3185 912 3251 nobis
937 3189 1069 3252 servato
1099 3183 1153 3269 (de
1175 3183 1329 3265 agricuit.
1353 3183 1429 3269 141)

248 3305 280 3353 n.
303 3288 362 3354 49:
393 3286 510 3351 Ianam
542 3287 705 3372 Iovemque
733 3290 805 3352 anno
826 3288 1035 3372 praefamine,
1063 3289 1107 3350 sic
1132 3286 1233 3352 dictio.
1275 3286 1429 3368 Denique

247 3374 388 3471 piaculis
403 3378 543 3456 fratrum
555 3391 728 3458 Arvalium
745 3389 894 3473 (Henzen
906 3391 993 3456 Acta
1005 3391 1067 3456 144
1075 3391 1134 3475 sq.)
1145 3390 1203 3456 ubi
1217 3389 1299 3455 Iano
1314 3389 1430 3471 primo,

247 3493 372 3559 Vestae
395 3498 562 3560 extremae
585 3494 747 3560 sacrificia
772 3493 865 3559 fiunt.

255 3577 262 3593 ’
333 3597 458 3663 Vestae
480 3596 673 3663 extremae²
701 3596 736 3661 in
758 3595 1003 3678 precationibus
1024 3595 1201 3662 invocatae
1225 3594 1262 3660 hi
1291 3598 1428 3660 exstant

256 3756 263 3796 ς
336 3733 345 3765 ¹
364 3734 396 3788 G.
414 3735 549 3790 Wissowa
566 3733 627 3788 Bel.
645 3750 672 3789 n.
689 3732 768 3788 Kaio.
787 3732 812 3788 d.
830 3732 911 3788 Riirn.
929 3749 954 3801 p.
973 3731 1014 3788 98.

334 3819 345 3851 ¹
363 3821 401 3875 At
418 3819 449 3873 in
466 3820 557 3877 Ovidii
574 3819 654 3875 fasfis
667 3821 702 3888 (V
702 3820 717 3873 I
728 3819 790 3890 298)
808 3819 884 3874 nobis
896 3819 1015 3874 traditur
1027 3819 1139 3874 Vestam
1151 3816 1230 3872 initio
1242 3816 1429 3884 precationum

247 3904 369 3975 ipvoceri
387 3906 486 3962 solere:

259 3989 278 4002 ''
982 3989 1045 4044 inde
1064 3989 1198 4057 precando

487 4077 648 4132 Praefamur
664 4078 785 4147 Vestam,
804 4093 873 4145 quae
892 4077 951 4130 loce
968 4075 1056 4144 prime
1073 4080 1158 4131 tenet.

332 4161 384 4217 Sed
401 4162 473 4216 hunc
490 4163 599 4230 quidem
617 4163 750 4218 Graecum
768 4179 826 4218 esse
844 4178 944 4217 morem
962 4161 1041 4216 facile
1059 4160 1259 4229 Intellegemus,
1280 4158 1304 4214 ei
1321 4157 1429 4214 Aristo-

242 4244 345 4319 phanis
363 4246 463 4302 Avium
482 4263 522 4304 vs.
540 4248 655 4317 864eqq.
673 4249 884 4317 inspexerimus:

349 4329 441 4401 δράσω
457 4330 525 4401 τάδ’,
543 4329 611 4384 ἀλλὰ
628 4338 683 4385 ποῦ
700 4329 770 4386 ’στιν
787 4332 803 4386 ὁ
819 4334 852 4385 τὸ
866 4335 969 4384 κανοῦν
985 4332 1066 4401 ἔχων;
