3120 4920
514 333 555 388 De
572 333 754 387 Romanorum
771 331 971 400 precationibus
1291 333 1338 400 85

154 507 257 576 certis
280 505 397 573 officiis
418 505 610 588 fungantur,
633 507 768 584 praeter
789 507 915 568 ceteros
937 504 1015 568 deos
1037 502 1137 568 certis
1160 503 1338 569 occasioni-

152 613 216 678 bus
240 609 328 676 datis
350 627 445 690 posse
468 611 586 688 optata
607 606 767 688 praebere
790 607 966 670 adorantes
988 606 1204 673 arbitrantur.
1249 608 1338 692 Qua-

154 719 292 797 propter
328 709 550 792 unnsquisque
580 710 661 774 deus
698 708 820 788 ubique
856 727 896 773 ea
925 709 1107 791 rogabatur
1143 729 1226 790 quae
1256 729 1340 792 prae

155 816 276 885 ceteris
290 813 480 881 numinibus
496 813 618 895 optime
634 818 806 892 praestare
821 829 916 891 posse
931 813 1122 893 putabatur.
1166 813 1337 882 Notissimi

155 925 235 988 sunt
257 919 328 984 eius
357 916 489 998 generis
519 914 655 980 numina
684 914 1013 994 indigitamentorum
1025 914 1045 979 1.
1096 915 1193 982 Licet
1222 919 1264 983 de
1285 919 1339 984 his

156 1021 403 1107 precationibus
433 1017 530 1086 varia
560 1022 716 1083 censeant
747 1015 812 1082 viri
841 1016 939 1098 docti,
969 1025 1080 1083 tamen
1110 1019 1199 1084 inter
1228 1039 1341 1086 omnes

158 1129 291 1192 constat
312 1122 569 1204 indigitamenta
598 1119 700 1184 fuisse
722 1118 860 1184 litanias
890 1119 1016 1185 litteris
1046 1123 1223 1188 mandatas
1254 1128 1289 1189 et
1318 1143 1341 1189 a

158 1226 371 1311 pontificibus
392 1228 555 1290 servatas,
600 1222 726 1304 Quibus
756 1222 791 1287 in
813 1221 910 1287 libris
940 1223 1127 1306 singulares
1156 1225 1210 1291 (lei
1237 1225 1341 1292 certis

158 1331 470 1413 quibuscumquae
499 1325 623 1407 partim
645 1327 688 1389 ad
711 1325 883 1390 humanam
906 1325 1020 1408 vitam,
1053 1327 1174 1408 partim
1200 1329 1244 1393 ad
1270 1347 1339 1394 rem

158 1433 318 1500 rusticam
341 1429 552 1512 pertinebant
574 1427 764 1492 muneribus
787 1428 929 1508 praediti
944 1428 1209 1496 inveniebantur.
1254 1431 1340 1514 Quo·

158 1555 231 1602 rum
261 1536 393 1600 deorum
423 1536 588 1612 potestaS,
618 1549 703 1610 quae
733 1548 797 1594 non
831 1531 896 1595 nisi
926 1532 1027 1596 certis
1049 1533 1258 1614 definitisque
1288 1553 1340 1599 oc·

161 1637 349 1705 casiouibus
380 1634 506 1714 aliquid
536 1633 683 1715 valebat,
712 1632 879 1698 artissime
909 1641 981 1698 erat
1011 1635 1156 1700 definita.
1210 1637 1260 1702 De
1290 1638 1343 1702 his

160 1761 191 1808 v.
212 1761 238 1807 c.
261 1738 477 1821 Augustinus,
501 1735 557 1816 qui
580 1735 680 1801 etiam
696 1735 854 1800 maiorum
877 1738 1009 1802 deorum
1032 1737 1141 1804 officia
1156 1739 1342 1822 singularia

160 1843 333 1916 immiscet,
363 1840 446 1905 dicit
477 1839 530 1922 (de
553 1840 616 1904 civ.
648 1837 701 1904 dei
722 1839 771 1904 IV
794 1840 863 1924 21):
896 1840 981 1919 Quia
1009 1860 1085 1921 opus
1106 1848 1173 1904 erut
1200 1845 1341 1922 partari-

161 1945 283 2010 entibus
310 1946 450 2008 incocare
480 1941 644 2024 Lucinam,
674 1962 744 2005 cane
771 1944 801 2004 si
826 1942 947 2006 adessa
973 1942 1122 2007 Felicitas
1151 1965 1211 2007 non
1241 1945 1342 2008 solum

162 2048 234 2113 bene
249 2053 406 2130 parerent,
428 2044 480 2109 sal
498 2046 590 2108 etiarn
606 2043 722 2107 bonos?
768 2045 851 2124 Quid
866 2066 983 2109 necesse
1004 2054 1072 2110 erat
1088 2045 1148 2128 Opi
1168 2047 1242 2112 deae
1264 2067 1341 2112 corn-

162 2151 309 2216 menclarc
330 2153 495 2230 nascentes,
516 2147 571 2210 deo
593 2145 741 2210 Vaticano
761 2150 919 2231 cupientes,
950 2149 1023 2212 deae
1039 2148 1182 2214 Ouniaae
1202 2152 1343 2233 iacentes,

161 2254 238 2318 deae
269 2253 428 2317 Ruminae
463 2258 620 2334 supertes,
657 2251 710 2314 cleo
740 2250 886 2314 Statilino
922 2258 1050 2336 stanter,
1089 2253 1162 2317 aleae
1197 2253 1344 2317 Auleonae

162 2356 315 2439 adeuntes,
331 2355 473 2419 Abeonae
488 2353 639 2434 abeuntes,
654 2353 729 2416 eleae
744 2355 852 2435 baruti,
872 2359 907 2417 ut
922 2355 1032 2418 bonam
1047 2356 1191 2420 baberent
1205 2364 1344 2441 ruentem,

162 2460 218 2524 cleo
246 2457 399 2522 Volumno
420 2463 448 2520 et
468 2456 540 2520 eleae
563 2456 742 2539 varannae,
767 2462 799 2520 ut
822 2457 902 2520 bonu
922 2459 1036 2539 uellent,
1059 2459 1120 2523 eliis
1142 2460 1344 2542 nuptialibus,

163 2568 199 2627 at
210 2562 283 2626 bene
293 2562 544 2642 coniugarentur,
558 2558 622 2622 diis
636 2559 814 2642 aprestibas,
829 2566 865 2623 ut
877 2561 1003 2640 fricatus
1019 2561 1190 2626 uberrimos
1203 2568 1345 2643 caperent

163 2672 191 2730 ct
220 2666 353 2728 manime
382 2665 444 2744 ipsi
472 2662 559 2725 aliaue
587 2661 792 2739 Fructeseae,·
824 2662 926 2726 Marti
957 2669 984 2726 et
1013 2664 1177 2747 Bellonae,
1214 2672 1249 2728 nt
1273 2665 1345 2728 aaa

164 2768 388 2853 belligerarent,
411 2765 484 2829 deae
504 2765 663 2847 Victoriae,
686 2770 721 2828 ut
739 2768 912 2849 uincerent,·
934 2767 990 2830 deo
1005 2767 1139 2851 Honori,
1165 2774 1199 2831 ut
1213 2767 1344 2831 lconoru-

163 2875 282 2952 rcntur,
305 2869 379 2933 deae
401 2867 564 2952 Pecuniae,
587 2874 622 2931 at
639 2871 801 2949 pecuniosi
823 2875 929 2952 essent,
957 2871 1010 2934 cleo
1032 2871 1203 2935 Aescolano
1232 2878 1259 2935 et
1279 2870 1345 2953 fillo

164 2976 231 3038 eius
259 2970 467 3057 Arpenruoe,
504 2976 537 3034 ut
565 2970 707 3035 baberent
739 2993 860 3036 aerearn
889 2981 1127 3059 arpenteurnqac
1154 2973 1346 3058 pecaniam?

165 3077 315 3157 Itemque
337 3075 372 3140 in
395 3093 528 3139 numero
555 3094 673 3157 eorum,
701 3075 757 3156 qui
787 3076 1051 3159 indigitamentis
1083 3084 1178 3143 erant
1207 3077 1346 3161 collecti,

166 3181 299 3244 deorum
330 3182 409 3243 sunt
430 3179 582 3258 ponenda
602 3178 768 3244 duodecim
798 3179 858 3243 illa
884 3179 1026 3262 numina,
1057 3199 1140 3260 quae
1161 3179 1345 3244 Flaminem

166 3282 335 3348 Cerealem
357 3281 392 3345 in
408 3280 552 3346 ineunda
576 3300 726 3362 agrorum
752 3282 932 3347 consitione
948 3302 1006 3363 pro
1028 3281 1160 3364 frugum
1183 3289 1346 3363 proventu

164 3384 339 3452 invocasse
370 3382 506 3449 Servius
536 3383 592 3466 (ad
619 3384 769 3467 Georgia.
799 3385 893 3469 121)
924 3384 1016 3449 nobis
1046 3384 1182 3449 traditl.
1234 3385 1346 3465 Atque

164 3487 350 3554 videbimus
372 3485 519 3568 singulos
550 3488 628 3552 deos
659 3487 791 3553 adorari
820 3507 878 3568 pro
908 3486 1048 3569 siugulis
1070 3487 1231 3570 operibus
1262 3506 1346 3567 quae

164 3590 243 3656 inde
266 3609 286 3654 a
308 3589 415 3671 prima
444 3589 593 3655 aratione
615 3609 716 3670 usque
739 3593 782 3655 ad
812 3590 970 3656 frumenti
998 3590 1216 3656 invectionem
1246 3597 1347 3670 atquc

165 3693 448 3774 consumptionem
465 3697 561 3757 erant
576 3693 795 3775 suscipienda.
828 3693 894 3759 Sed
909 3689 973 3758 iarn
989 3693 1094 3775 ipsum
1111 3693 1219 3758 Servii
1240 3693 1346 3758 locum

163 3794 389 3877 inspiciamus.
446 3794 569 3858 Fabius
598 3795 706 3859 Pictor
734 3795 789 3860 bos
817 3795 888 3859 deos
916 3802 1092 3880 enerracrat,
1125 3815 1200 3880 qaas
1229 3798 1347 3859 irrumat

160 3898 281 3983 Manen
302 3917 428 3961 sacrum
459 3895 583 3961 Cereale
609 3899 732 3979 faciens
764 3899 885 3963 Telluri
916 3905 944 3962 et
971 3898 1092 3962 Cereri:
1127 3898 1347 3982 Vervactorem,

256 4069 266 4101 ¹
283 4068 317 4128 R.
335 4068 463 4123 Peterin
480 4069 610 4124 Roscheri
628 4071 727 4125 Lexico
748 4071 778 4124 II
796 4087 821 4138 p.
841 4071 953 4138 130sqq.

254 4152 451 4210 'aesculanus
469 4158 497 4208 et
516 4156 684 4224 Argentinus
702 4155 745 4210 dei
763 4156 881 4210 nummis
899 4156 1006 4224 cupreis
1024 4154 1215 4224 argenteisque
1239 4155 1346 4208 demum

161 4239 330 4296 muoductis
348 4241 496 4310 exagitati
515 4247 592 4310 sunt;
611 4242 643 4295 cl.
663 4244 741 4309 Aust,
759 4241 996 4310 Pauly-Wissowa
1014 4242 1044 4295 11
1063 4242 1121 4296 713.

257 4325 269 4357 ⁸
286 4324 322 4380 Η.
340 4325 444 4381 Usener
464 4325 663 4381 thternamcn
680 4344 706 4394 p.
725 4328 766 4382 76,
