3120 4920
188 277 231 344 56
656 275 789 345 Georgius
807 275 895 344 Appel
1019 326 1020 329 ,

188 468 348 513 memorem
363 447 466 514 fuisse
482 465 555 514 sese
570 447 708 531 deorum,
730 449 814 527 quod
829 446 940 512 multis
955 445 1111 513 Romanis
1125 464 1246 513 morem
1261 446 1373 514 fuisse

188 571 252 619 non
274 570 399 634 negem.

273 654 456 735 Praecipue
477 656 587 719 autem
606 654 825 719 Romanorum
843 651 960 734 religio
985 652 1138 719 elucebat
1160 671 1202 718 ex
1224 652 1371 736 singulis

189 759 320 824 deorum
350 757 458 822 cultus
488 756 667 839 generibus
697 755 966 836 caerimoniisque
994 774 1034 821 ec
1062 754 1201 836 singulis
1231 756 1370 823 institu-

187 859 333 926 tionibus
362 858 499 925 saeris1.
558 859 669 940 Atque
706 858 740 924 11
770 859 918 925 omnibus
948 857 1015 924 illis
1044 859 1143 924 rebus
1174 857 1298 926 divinis
1327 878 1371 927 ac

188 962 399 1029 sollemnibus
414 961 657 1028 adhibebantur
671 961 885 1043 precationes,
901 980 985 1042 quae
1000 961 1213 1044 pertinebant
1227 963 1270 1028 ad
1288 961 1370 1029 illas

188 1065 402 1132 caerimonias
439 1067 580 1146 deosque
616 1083 725 1130 coram
761 1064 878 1146 populo
908 1066 1067 1130 colendos.
1118 1065 1232 1146 Neque
1262 1066 1368 1132 solum

188 1187 259 1235 cum
281 1169 380 1234 rebus
403 1167 525 1235 divinis
547 1168 679 1250 publice
705 1167 873 1259 faciendis,
901 1168 1083 1234 sedetiam
1113 1186 1186 1234 cum
1216 1168 1369 1235 omnibus

188 1270 397 1354 gravioribus
426 1271 520 1338 vitae
548 1271 647 1336 rebus
676 1289 791 1351 preces
821 1271 1120 1353 coniungebantur‚
1154 1270 1234 1352 quin
1264 1271 1368 1338 etiam

188 1377 274 1456 quod
295 1374 418 1440 attinet
438 1376 481 1439 ad
501 1373 713 1439 cottidianam
735 1373 1011 1460 consuetudinem,
1033 1373 1183 1440 omuibus
1205 1373 1277 1440 fere
1299 1375 1369 1440 diei

187 1476 388 1559 temporibus
408 1476 472 1542 diis
495 1475 717 1541 fundebantur
739 1495 759 1540 a
780 1476 936 1542 Romanis
959 1477 1086 1558 pietate
1108 1494 1190 1558 erga
1212 1478 1288 1542 deos
1311 1496 1366 1543 ex·

188 1579 392 1646 cellentibus.
436 1579 547 1660 Atque
570 1578 599 1644 si
615 1579 811 1663 occasiones,
833 1578 950 1660 quibus
972 1579 1060 1645 datis
1074 1580 1214 1645 Romani
1236 1579 1367 1661 precati

187 1688 273 1766 sunt,
295 1681 482 1748 accuratius
505 1681 710 1763 perlustrare
732 1683 888 1764 volumus,
913 1682 1071 1749 facillime
1093 1684 1153 1748 hoc
1175 1681 1287 1748 fucere
1309 1702 1366 1764 po·

186 1785 333 1868 terimus,
357 1787 432 1851 dium
453 1785 569 1851 titulos
591 1779 794 1868 singulorum
808 1785 1076 1869 testimoniorum,
1096 1805 1180 1867 quae
1201 1786 1237 1851 in
1260 1785 1366 1867 primo

187 1888 296 1970 capite
313 1888 451 1954 collecta
466 1893 552 1971 sunt,
574 1888 760 1970 repetimus
804 1888 876 1972 Qua
891 1889 925 1954 11
944 1909 981 1955 11
1002 1891 1124 1956 addere
1145 1889 1240 1955 iuvat
1255 1907 1366 1955 rerum

185 1991 382 2073 scriptorum
419 1997 453 2057 et
481 1995 653 2073 poetarum
695 2010 736 2056 ea
766 1992 970 2074 testimonia,
1001 1993 1120 2073 quibus
1149 2009 1264 2073 preces
1299 2011 1366 2058 non

185 2094 266 2175 ipsis
287 2095 401 2160 verbis
423 2099 627 2176 repetuntur,
650 2097 708 2161 sed
730 2101 768 2160 ut
789 2095 899 2161 factae
914 2100 1045 2160 tautum
1064 2100 1366 2161 commemorantur.

187 2196 339 2262 Ceterum
361 2201 532 2277 poetarum
563 2195 670 2262 adieci
698 2215 753 2262 eos
781 2198 877 2279 locos,
907 2197 1025 2278 quibus
1054 2197 1212 2278 precandi
1242 2216 1364 2264 morem

186 2317 251 2365 non
280 2303 318 2364 ut
342 2300 442 2381 vulgo
465 2299 641 2381 Graecum,
670 2302 728 2365 sed
757 2319 836 2367 vere
866 2302 1047 2366 Romanum
1076 2299 1171 2380 sequi
1196 2299 1364 2367 videntur.

185 2403 255 2469 Eas
277 2406 447 2484 poetarum
467 2421 591 2485 preces
613 2405 653 2469 de
676 2422 812 2484 quarum
834 2403 963 2469 ratione
985 2402 1104 2468 dubius
1120 2404 1246 2485 haereo,
1269 2403 1363 2470 uncis

185 2504 315 2571 inclusi.

273 2609 321 2674 Ac
336 2608 474 2690 primum
489 2609 619 2690 quidem
634 2609 810 2675 nonnullae
825 2607 960 2674 fuerunt
975 2627 1127 2690 preces
1147 2608 1362 2691 publicae,

186 2730 269 2792 quae
292 2711 378 2777 domi
407 2711 611 2792 militiaeque
640 2710 822 2793 promiscue
851 2711 983 2776 fiebant.
1028 2711 1112 2777 Sunt
1141 2716 1252 2777 autem
1282 2712 1362 2778 hae:

272 2814 380 2879 Vota
402 2816 514 2895 (supra
535 2834 565 2895 p.
588 2814 658 2879 81.
684 2817 782 2895 1-4;
805 2814 923 2882 Livius
946 2815 980 2879 X
1002 2815 1051 2896 36,
1076 2817 1131 2895 113
1153 2815 1304 2880 XXXVI
1327 2817 1363 2896 2;

186 2915 243 2983 Sil.
266 2916 341 2982 Ι111.
363 2917 427 2983 XV
442 2918 520 2998 443;
544 2917 656 2982 Claud.
678 2917 713 2982 11
729 2916 803 2982 Ruf.
822 2918 944 3002 1334);
967 2936 1041 2984 ver
1063 2935 1226 2983 sacrum
1249 2917 1364 3000 (supra

186 3038 216 3085 1.
247 3019 296 3103 5);
327 3019 564 3085 sacrificia
597 3020 640 3104 (n.
672 3020 807 3105 6-11);
849 3020 1150 3086 dedicationes
1184 3020 1363 3104 (sacrorum

185 3141 216 3188 n.
241 3124 383 3204 12-143
411 3122 485 3189 Liv.
514 3123 550 3189 H
572 3124 601 3206 8,
624 3126 643 3188 7
651 3148 658 3205 3
690 3124 865 3205 spoliorum
895 3125 967 3190 Liv.
998 3123 1092 3190 XLV
1121 3124 1178 3204 33;
1208 3123 1364 3190 811111.

185 3225 220 3290 X
241 3225 319 3306 5473
342 3223 439 3311 [Stat.
463 3226 564 3292 Theb.
585 3224 714 3308 11715;
737 3227 770 3291 X
785 3225 878 3312 336];
901 3227 1010 3308 pallae
1036 3225 1093 3292 Sil.
1116 3226 1192 3292 Ital.
1215 3226 1282 3292 VII
1305 3228 1364 3308 773

187 3326 284 3414 [Stat.
307 3329 410 3394 Theb.
432 3329 466 3394 X
488 3328 565 3415 65]).

271 3431 311 3496 11
333 3431 446 3497 bello
475 3451 554 3498 vero
576 3451 690 3514 preces
720 3432 903 3498 fundebant
924 3431 1065 3497 Romani
1087 3430 1363 3514 clarigantes

187 3533 320 3618 (1.15);
346 3533 594 3599 indicentes
617 3535 746 3619 (1.16);
768 3534 917 3600 foedus
939 3534 1142 3600 ineuntes
1165 3533 1208 3617 (n.
1232 3536 1280 3616 17,
1306 3535 1362 3616 18;

186 3636 1364 3722 11111.1111.ΧΙΙ176;811.Ι111.Χ17Ι260);11111111111111111

186 3739 227 3823 (1.
245 3740 300 3820 18;
317 3739 389 3805 Liv.
404 3739 440 3804 H
454 3741 505 3821 49,
522 3742 557 3820 73
579 3740 698 3805 XXXI
713 3742 748 3822 53
768 3740 889 3805 Lucan.
906 3740 1183 3821 Pharsal.1295;
1206 3739 1364 3821 Scriptor.

185 3841 311 3907 Histor.
334 3843 418 3924 Aug.
440 3841 501 3908 vit.
516 3843 648 3908 Maxim.
671 3847 706 3908 et
720 3843 813 3908 Balb.
836 3862 861 3908 1.
877 3843 910 3923 8;
932 3843 1018 3908 Ρ111.
1035 3842 1160 3908 0111111.
1176 3843 1206 3908 V
1223 3843 1270 3927 1);
1294 3861 1363 3908 cx·

185 3943 447 4025 peditionem
470 3945 764 4026 suscipientes
788 3946 831 4029 (n.
855 3946 910 4026 193
936 3945 1010 4012 Liv.
1031 3945 1150 4010 XXIX
1173 3945 1224 4027 27,
1247 3947 1284 4026 93
1307 3944 1363 4011 Sil.

185 4045 1362 4132 Ital.Puu.XV159);devoventes(n.20;Liv.V41,3;X28,13;

229 4267 245 4322 3
263 4182 283 4321 8¹
302 4182 341 4236 De
360 4184 410 4238 hac
436 4200 465 4239 re
489 4183 611 4238 conferas
634 4185 666 4239 G.
690 4185 824 4239 Wissowu
842 4183 971 4254 Reliqiom
997 4183 1054 4239 uad
1071 4185 1178 4239 Kmltuc
1196 4183 1244 4238 der
1261 4184 1365 4239 Rb'mcr

185 4284 210 4337 1
248 4268 260 4321 1
287 4283 344 4334 sso-
