3120 4920
548 303 589 357 De
610 302 792 356 Romanorum
803 301 1012 370 ‘precationibus
1327 290 1373 369 69

187 493 254 540 non
276 473 379 541 solum
403 493 443 541 ea
465 474 604 556 quaeis,
627 473 684 555 qui
699 479 810 540 votum
832 472 924 554 facit,
947 475 1049 539 adeo
1070 473 1166 557 petit,
1188 474 1247 539 sed
1269 473 1373 540 etlam

186 575 302 642 formis
324 577 518 656 quibusdam
544 576 693 642 iuridicis
722 575 836 642 definit
865 595 914 658 ea,
942 595 1036 659 quae,
1066 575 1094 641 si
1123 576 1276 658 precibus
1306 577 1375 642 erit

189 678 408 763 satIsfactum,
430 697 465 746 se
486 679 595 760 ipsum
618 680 804 745 oblaturum
826 697 898 745 esse
919 678 1103 761 pollicetur.

279 797 493 865 Enumeratis
516 798 672 880 precandi
686 797 799 865 verbis
813 797 1099 880 transgrediamur
1114 799 1157 863 ed
1172 797 1374 880 precationis

187 899 330 980 uomina,
353 918 438 981 quae
460 901 668 983 grammatici
691 906 820 976 vocant,
843 900 1065 983 substantiva,
1093 901 1129 967 iu
1152 897 1269 982 quibus
1293 920 1371 967 enu-

191 1002 358 1069 merandis
386 1003 473 1069 idem
505 1003 567 1087 egi,
598 1005 682 1084 quod
708 1022 810 1085 supra
838 1024 868 1085 p.
892 1004 933 1068 63
957 1006 997 1069 de
1023 1003 1135 1070 verbis
1165 1004 1243 1070 dixi.
1286 1003 1375 1069 Sunt

191 1110 302 1171 autem
324 1106 421 1171 haec:
1370 1111 1373 1123 '

191 1242 349 1410 cmiii.
371 1345 526 1410 xxxix
549 1346 600 1426 51,
623 1347 659 1427 1;
688 1345 799 1412 senec.
822 1346 1004 1412 consolat
1026 1347 1126 1410 uara.
1149 1347 1198 1428 13,
1221 1348 1255 1427 13
1285 1307 1374 1413 mm.

276 1453 345 1514 nat.
367 1448 443 1514 hist.
465 1449 618 1515 XXVIII
642 1451 695 1531 133
718 1449 828 1514 Valer.
850 1448 983 1514 Maxim.
1011 1448 1061 1514 IV
1084 1451 1111 1532 1,
1136 1449 1193 1530 10;
1227 1449 1374 1516 Macrob.

275 1551 407 1618 Satura.
426 1551 481 1618 III
503 1553 571 1635 9,7
600 1551 760 1636 (precatio
787 1553 829 1617 ad
858 1570 1009 1618 numeros
1032 1553 1188 1632 quosdam
1218 1552 1371 1638 alligata)

189 1671 374 1753 gratulatio

277 1771 341 1838 Clo.
364 1775 407 1839 ad
429 1772 506 1840 fam.
528 1774 580 1839 XI
604 1775 653 1858 18,
676 1774 712 1856 33
740 1773 776 1838 in
798 1773 894 1840 Catil.
916 1774 964 1840 IV
987 1775 1044 1856 203
1070 1775 1213 1856 Philipp.
1235 1774 1319 1842 XIV
1341 1776 1373 1840 6.

191 1875 300 1942 oratio

279 1978 376 2060 Apul.
398 1978 502 2044 florid.
524 1978 543 2043 Ι
566 1981 594 2044 1.

190 2081 341 2147 adoratio

276 2182 361 2248 Pliu.
378 2186 448 2251 nat.
461 2183 538 2249 hist.
553 2182 707 2248 XXVIII
721 2184 780 2263 22;
797 2183 917 2248 XXIX
931 2184 988 2266 673
1007 2183 1100 2265 Apul.
1115 2187 1246 2250 metam.
1260 2183 1309 2250 IV
1320 2184 1374 2249 28.

191 2284 381 2368 imploratio

277 2386 391 2454 Cicero
414 2389 455 2454 de
477 2391 545 2454 nat.
568 2389 655 2454 deor.
676 2387 712 2452 II
736 2389 807 2453 196.

190 2491 338 2574 precatio
748 2471 796 2487 f

132 2611 146 2632 ³
277 2592 342 2658 Cic.
373 2611 432 2674 pro
462 2593 546 2658 Mur.
575 2591 649 2673 11;
679 2591 808 2658 Tuscul.
838 2591 958 2672 11143
987 2593 1027 2656 de
1049 2597 1116 2657 uat.
1139 2594 1225 2657 deor.
1255 2591 1373 2672 11673

275 2695 350 2762 Liv.
380 2695 414 2760 X
443 2695 493 2777 28,
517 2695 573 2775 153
604 2695 725 2760 XXXI
746 2694 775 2777 5,
806 2697 841 2775 7;
871 2694 1025 2759 XXXIX
1049 2695 1098 2777 15,
1122 2696 1156 2776 13
1186 2694 1271 2760 Pliu.
1300 2698 1371 2760 nat.

276 2797 354 2864 hist.
377 2797 530 2863 XXVIII
552 2798 602 2863 13.

192 2917 413 3000 comprecatio

277 3019 351 3086 Liv.
373 3019 527 3085 XXXIX
549 3021 599 3103 12,
621 3021 656 3101 2;
678 3019 762 3085 Gell.
784 3019 877 3084 Noct.
900 3019 1002 3085 Attio.
1023 3019 1112 3085 XIII
1134 3021 1184 3102 22,
1208 3021 1236 3084 1.

191 3122 382 3204 deprecatio

276 3225 341 3293 (lic.
371 3243 431 3307 pro
453 3225 547 3291 Rosc.
573 3224 721 3291 Comoed.
751 3226 809 3305 463
839 3224 925 3289 Plin.
947 3228 1016 3290 nat.
1038 3223 1115 3290 hist.
1145 3224 1299 3289 XXVIII
1321 3225 1372 3289 19.
1492 3240 1495 3249 ·

187 3346 273 3411 prex

275 3430 375 3513 Verg.
399 3430 658 3511 AemlII4313
688 3429 803 3496 Horat.
834 3429 930 3511 epist.
960 3429 996 3494 II
1019 3431 1046 3512 1,
1071 3429 1147 3510 1353
1178 3428 1271 3496 ovid.
1294 3435 1371 3494 met.

275 3532 361 3600 VIII
383 3535 462 3615 2713
484 3531 560 3599 fast.
583 3533 631 3598 VI
654 3533 726 3598 251.

187 3654 305 3718 preces

276 3737 340 3804 Cic.
362 3756 421 3820 pro
443 3738 555 3803 Plano.
577 3739 637 3818 973
660 3755 718 3819 pro
735 3736 860 3802 Cluent.
876 3737 955 3818 2013
979 3738 1019 3802 de
1035 3738 1128 3802 domo
1145 3737 1223 3819 1403
1246 3738 1286 3802 de
1301 3742 1371 3802 nat.

275 3843 362 3907 deor.
385 3840 403 3905 I
425 3841 461 3922 3;
484 3840 595 3906 Senec.
618 3840 716 3905 Herc.
738 3839 809 3906 Oet.
832 3840 897 3905 539
920 3840 1069 3921 et16913
1093 3838 1177 3905 Plin.
1200 3844 1269 3905 nat.
1293 3840 1371 3905 lust.

274 3943 396 4009 XXIX
418 3944 476 4025 66;
498 3943 643 4009 Martial.
666 3942 769 4025 epigr.
788 3943 857 4008 XII
880 3944 930 4023 77,
954 3945 982 4008 1.

188 4062 378 4130 obsecratIo

274 4164 340 4230 Oic.
363 4166 404 4230 de
426 4164 557 4245 harusp.
579 4183 664 4246 resp.
686 4165 743 4245 633
773 4163 846 4231 Liv.
869 4164 917 4230 IV
940 4166 989 4247 21,
1013 4166 1050 4245 5;
1073 4163 1103 4229 V
1127 4165 1176 4247 18,
1200 4166 1255 4244 113
1286 4163 1371 4228 XVI

273 4268 325 4350 23,
347 4268 384 4348 6;
402 4266 539 4333 XXVII
563 4268 602 4333 11
635 4268 668 4348 63
690 4267 810 4332 XXXI
832 4267 861 4349 9,
885 4267 921 4348 63
944 4266 1076 4332 Suetou.
1099 4265 1211 4332 Claud.
1233 4266 1284 4331 22.
