3120 4920
276 268 319 334 94
741 269 874 338 Georgius
892 269 981 338 Appel

362 439 414 504 Ab
437 437 518 520 ipsis
549 439 682 504 deorum
709 437 895 505 nominibus
917 442 1050 506 transeo
1081 441 1125 506 ad
1147 440 1307 524 epitheta
1337 443 1463 523 quibus

275 541 415 606 Romani
438 541 619 608 utebantur
647 541 952 623 inprecationibus
982 541 1144 609 faciendis
1156 543 1176 609 ¹.
1227 543 1340 611 Variis
1371 546 1458 612 enim

277 645 318 709 de
351 644 458 710 causis
492 645 629 710 adducti
662 646 826 726 putabant
860 647 955 710 deum
991 645 1143 712 sollemni
1174 637 1366 728 precatione
1400 651 1461 714 ad·

279 749 459 814 vocandum
497 767 562 814 non
600 752 789 813 contentum
826 766 899 813 esse
935 747 1009 829 ipsa
1037 747 1176 814 nominis
1211 749 1458 831 nuncupatione

275 869 414 931 eumque
428 850 597 933 libentius,
620 850 648 916 si
664 850 821 932 epithetis
836 851 964 916 idoneis
981 851 1217 935 appellaretur,
1233 852 1385 934 precibus
1401 855 1460 920 ob·

274 957 536 1034 temperaturum
548 972 628 1019 esse.
650 952 729 1018 Tria
743 953 927 1019 discernam
940 953 1071 1020 illorum
1083 954 1304 1036 epithetorum
1316 975 1457 1039 genera:

274 1055 413 1138 primum
435 1061 609 1138 precantes
632 1056 771 1138 singulis
793 1056 950 1137 temporis
981 1057 1153 1122 momentis
1183 1057 1332 1138 qualibet
1354 1048 1461 1125 causa

274 1158 425 1224 commoti
440 1159 506 1240 ipsi
520 1158 706 1242 inveniunt,
725 1160 865 1225 alterum
884 1163 1016 1225 constat
1034 1178 1075 1224 ex
1089 1159 1201 1244 firmis,
1225 1179 1312 1242 quae
1326 1180 1460 1242 semper
1523 1213 1526 1218 .

274 1261 309 1327 in
331 1263 424 1327 cultu
446 1261 655 1344 adhibentur,
681 1267 845 1328 certorum
866 1264 1000 1328 deorum
1031 1262 1286 1344 cognominibus
1316 1264 1455 1329 tertium

274 1365 461 1431 continetur
483 1365 641 1445 epithetis
664 1366 721 1448 eis,
744 1364 925 1446 dequibus
948 1384 1007 1446 pro
1038 1370 1127 1431 certo
1154 1384 1219 1432 non
1241 1366 1307 1431 dici
1334 1372 1458 1450 potest,

274 1472 383 1533 utrum
399 1468 468 1532 sint
482 1466 632 1554 epitheta
646 1468 802 1549 temporis
818 1471 956 1548 quodam
972 1473 1094 1549 puncto
1111 1473 1235 1553 creata,
1259 1488 1302 1534 an
1319 1471 1453 1535 deorum

274 1571 472 1654 cognomina,
495 1576 533 1636 ut
547 1570 598 1636 ita
620 1571 727 1636 dicam
750 1571 814 1636 sibi
830 1571 1025 1654 constantia,
1049 1590 1133 1652 quae
1155 1590 1284 1653 semper
1304 1571 1341 1637 in
1362 1573 1457 1639 cultu

272 1679 481 1754 usurpantur.
526 1672 620 1756 Quod
650 1673 786 1739 tertium
817 1693 922 1757 genus
952 1677 1094 1740 secundo
1123 1675 1194 1740 loco
1224 1675 1456 1742 tractabimus.

359 1776 463 1841 Primi
486 1776 618 1858 generis
640 1777 792 1858 epitheta
813 1782 873 1843 aut
895 1783 1133 1858 componuntur
1155 1796 1174 1842 e
1197 1778 1373 1844 sententiis
1402 1798 1456 1844 re·

272 1879 389 1946 lativis
413 1885 448 1944 et
467 1879 686 1960 compluribus
701 1879 823 1962 verbis,
846 1885 905 1944 aut
923 1879 1064 1962 singulis
1080 1879 1291 1946 continentur
1307 1881 1453 1947 vocibus.

358 1985 468 2063 Atque
488 1987 525 2047 ut
544 1984 588 2048 ad
613 2001 716 2063 genus
736 1982 826 2063 prius
847 1983 1048 2064 progrediar,
1070 1983 1168 2064 longe
1190 1982 1362 2048 notissima
1375 1988 1455 2050 sunt

273 2086 432 2168 epitheta,
460 2073 544 2166 quae
573 2085 763 2166 pertineant
793 2087 836 2150 ad
864 2087 996 2150 deorum
1026 2085 1252 2152 invocatorem
1280 2085 1454 2151 domicilia.

273 2189 338 2255 Sed
356 2191 397 2254 de
412 2187 465 2253 his
480 2188 578 2269 paulo
593 2187 682 2253 infra
704 2192 835 2270 agetur,
858 2189 915 2254 ubi
936 2189 1051 2253 barum
1075 2187 1316 2254 invocationum
1332 2208 1456 2255 causas

271 2291 388 2357 melius
411 2309 648 2373 cognoscemus,
692 2291 763 2357 Hoc
778 2292 847 2357 loco
870 2296 1051 2357 tractamus
1074 2291 1215 2373 primum
1238 2310 1279 2357 ea
1301 2286 1456 2373 epitheta

272 2414 356 2476 quae
392 2399 471 2460 sunt
500 2395 543 2459 ad
578 2396 712 2460 deorum
747 2395 985 2476 proprietatem
1017 2399 1235 2475 naturamque
1264 2394 1453 2460 referenda.

271 2498 398 2582 Quibus
435 2517 507 2563 cum
538 2498 591 2562 dei
619 2497 654 2562 in
690 2497 937 2578 precationibus
967 2498 1206 2563 admoneantur
1234 2499 1275 2562 de
1304 2497 1452 2578 ipsorum

270 2620 404 2667 munere
419 2601 589 2681 officioque
604 2606 705 2681 atque
721 2599 905 2664 auxiliandi
920 2598 1090 2682 facultate,
1113 2601 1290 2666 adorantes
1312 2600 1454 2667 numina

270 2704 402 2770 facilius
432 2704 626 2770 commoveri
661 2709 797 2786 putant,
841 2709 880 2768 ut
909 2702 1066 2768 arixilium
1104 2702 1216 2769 ferant
1248 2703 1302 2769 vel
1335 2708 1455 2784 optata

269 2813 452 2890 praestent.
483 2809 592 2888 Atque
609 2826 649 2872 ex
668 2806 800 2872 infinita
813 2805 908 2887 copia
918 2805 1074 2871 nonnulla
1087 2805 1279 2887 colligamus
1291 2806 1454 2888 exempla.

356 2929 386 2974 n.
409 2912 464 2974 27:
495 2909 538 2972 Et
559 2917 668 2972 auctor
689 2929 726 2972 oc
746 2914 847 2972 stator
867 2909 1003 2972 Romami
1024 2910 1159 2971 cornicis
1181 2907 1320 2972 Gradiue
1340 2907 1453 2990 Mars;

270 3013 364 3079 ibid:
380 3012 605 3094 Perpetuoram
622 3019 722 3075 castos
743 3010 835 3075 Vesta
849 3013 986 3093 ipnium3
1002 3030 1033 3076 n.
1048 3011 1105 3076 91:
1132 3010 1174 3074 Tc
1187 3009 1330 3092 Iuppiter
1340 3013 1453 3094 optimc

269 3118 405 3181 monime
432 3120 525 3179 aulea
553 3115 739 3178 conditorem
776 3135 861 3178 nanc
896 3120 1136 3178 conservatorem
1171 3114 1299 3194 imperii
1334 3115 1454 3195 nostri3

268 3238 300 3284 n.
322 3219 380 3284 32:
406 3217 513 3298 Tuque
535 3220 685 3281 uirtutum
703 3218 835 3299 praesul
855 3216 1008 3280 Minerua.

357 3323 472 3387 Horat.
496 3340 593 3387 earm.
615 3322 633 3386 I
656 3322 705 3402 12,
728 3322 770 3386 49
795 3322 834 3385 de
856 3320 951 3386 Iove:

422 3442 540 3508 Gentis
564 3444 728 3507 humanae
750 3444 847 3521 pater
867 3447 966 3520 atque
989 3439 1133 3504 custosl.

353 3581 384 3627 n.
407 3564 464 3626 61:
486 3563 656 3644 Νοχθιριφ
680 3563 735 3645 qui
755 3579 863 3641 capena
886 3559 1031 3640 daemoa3
1057 3557 1152 3623 ibid:
1174 3557 1319 3641 Βιβιριξι
1340 3557 1397 3640 qai
1417 3576 1453 3620 cs

266 3666 459 3747 fortissimam
484 3664 608 3746 domem
630 3663 725 3730 ibid:
755 3663 896 3742 Καταξιν
919 3660 1000 3748 [qhai
1021 3681 1053 3726 es
1074 3661 1215 3744 Aepapa
1237 3679 1373 3742 mappas
1397 3658 1449 3723 dc·

356 3836 366 3867 ¹
384 3836 444 3890 Non
462 3835 551 3890 omnia
570 3834 678 3888 deorum
704 3833 827 3902 epitheta
845 3831 1071 3901 pertractabimus
1095 3831 1142 3885 sed
1164 3845 1219 3884 non
1242 3827 1296 3884 nisi
1319 3843 1360 3898 ea,
1378 3844 1451 3897 quae

266 3921 296 3978 in
313 3922 380 3990 ipsis
397 3920 596 3989 precationibus
613 3919 724 3974 traditis
741 3919 925 3973 inveniantur.
961 3918 1001 3971 De
1014 3916 1125 3985 reliquis
1142 3931 1169 3970 v.
1181 3915 1208 3970 J.
1221 3915 1252 3970 B.
1265 3914 1370 3984 Certen,
1383 3914 1450 3987 Epi·

266 4009 344 4063 theta
362 4010 479 4074 deorum,
497 4005 627 4060 Roscheri
644 4007 709 4060 Lex.
728 4005 954 4072 supplementum.

353 4095 364 4126 ²
383 4094 474 4147 Pauca
492 4098 556 4148 sunt
574 4091 702 4159 epitheta,
722 4091 820 4158 quibus
837 4090 918 4144 simul
931 4090 1041 4143 deorum
1057 4092 1085 4143 et
1097 4087 1174 4143 sedes
1192 4091 1221 4141 et
1231 4089 1354 4154 potestas
1371 4101 1450 4153 prae·

267 4180 399 4234 dicantur.
426 4195 453 4233 n.
467 4178 515 4233 89:
534 4177 576 4232 Et
593 4180 619 4230 te
636 4180 727 4231 custos
744 4175 822 4229 urbis
834 4175 972 4229 Minerua.
1007 4173 1111 4242 Vergil.
1125 4174 1193 4227 Aen.
1206 4171 1248 4225 XI
1258 4170 1323 4225 786:
1341 4169 1451 4225 ammam

266 4265 354 4334 deum
373 4264 464 4318 sancti
482 4267 572 4318 castos
591 4263 715 4318 Soractis
732 4262 841 4331 Apollo.
884 4261 924 4315 Cf.
943 4261 1028 4314 Anth.
1046 4260 1109 4313 Lat.
1127 4259 1142 4312 I
1161 4257 1202 4327 15,
1220 4257 1245 4310 9.
