3120 4920
487 302 529 356 De
546 302 728 356 Romanorum
746 300 946 369 precationibus
1007 280 1008 283 ¹
1266 302 1310 368 95

130 491 218 554 mom
239 471 332 539 ibid:
360 471 527 555 Ρικουριθ
548 472 715 553 deotissime
739 471 848 535 demon
869 473 906 535 ia
926 472 1080 556 Aeqppio;
1109 491 1140 540 n.
1162 474 1220 540 66:
1243 475 1309 538 Bc-

129 573 246 663 χα[χυχ
268 627 274 640 .
297 626 304 640 .
327 573 346 661 .]
369 577 424 659 pai
446 595 475 638 es
496 576 532 638 to
555 573 669 658 eqpto
692 573 848 661 mappam]
870 574 986 640 damon.
1296 568 1297 572 ’

215 693 343 781 Ennius
366 694 483 760 Annal.
506 695 524 760 Ι
545 695 585 760 fr.
608 696 669 760 141
692 695 833 780 (Vahlen
846 694 886 780 2);

286 798 415 879 Vosque
437 797 551 880 Lares,
573 801 696 863 tectum
719 803 866 864 nostrum
888 798 945 879 qui
965 796 1116 864 funditus
1138 803 1266 866 curant.

216 918 328 984 Plaut.
350 917 483 984 Poenul.
508 919 607 982 1187:

283 1020 444 1103 Iuppiter,
470 1020 527 1101 qui
549 1039 653 1103 genus
675 1020 755 1086 colis
783 1020 910 1102 alisque
933 1020 1104 1104 hominum,
1134 1040 1194 1103 per
1212 1040 1308 1103 quem

798 1122 941 1190 vivimus
963 1124 1099 1191 vitalem
1124 1143 1247 1202 aevom,

284 1225 386 1310 Quem
409 1221 510 1307 penes
531 1245 606 1308 spes
628 1227 721 1294 vitae
743 1231 821 1293 sunt
843 1226 1007 1293 hominum
1028 1227 1178 1293 omnium.

216 1345 340 1429 Vergil.
363 1346 480 1428 Georg.
503 1347 520 1412 Ι
543 1349 599 1412 21:

284 1449 391 1532 Dique
414 1451 560 1530 deaeque
583 1467 701 1532 omnes,
724 1448 869 1516 studium
892 1449 1011 1530 quibus
1035 1469 1118 1517 arva
1140 1450 1230 1516 tueri

284 1551 413 1635 Quique
435 1571 538 1619 novas
562 1552 654 1618 alitis
676 1571 741 1617 non
763 1553 830 1618 ullo
852 1552 974 1618 semine
997 1552 1111 1636 fruges

284 1655 411 1739 Quique
434 1655 518 1722 satis
540 1656 669 1738 largum
692 1655 783 1721 caelo
806 1655 983 1721 demittitis
1003 1654 1147 1722 imbrem.
1175 1667 1182 1682 ·

216 1776 340 1859 Vergil.
363 1776 482 1860 Georg.
504 1776 522 1841 Ι
544 1777 623 1842 499;

795 1879 965 1960 Vestaque
987 1883 1103 1960 mater,

285 1982 377 2066 Quae
400 1983 541 2047 Tuscum
564 1980 709 2047 Tiberim
736 1990 771 2047 et
792 1982 941 2048 Romana
963 1982 1090 2064 palatia
1112 1999 1235 2047 servas,

217 2102 332 2168 Horat.
355 2121 450 2167 serm.
473 2101 559 2176 113,
583 2103 660 2167 288:

285 2205 441 2287 Iuppiter,
462 2204 609 2287 ingentis
631 2204 687 2285 qui
708 2206 769 2270 das
792 2204 976 2286 adimisque
997 2205 1135 2270 dolores.

215 2307 337 2373 Lucan.
359 2308 510 2374 Pharsal.
532 2307 550 2372 I
573 2308 635 2373 195
658 2311 699 2373 de
721 2308 816 2375 Iove:

423 2429 601 2493 omagnae
624 2412 681 2492 qui
702 2410 832 2476 moenia
853 2411 1013 2492 prospicis
1033 2411 1135 2476 urbis.

214 2529 286 2594 Iam
306 2530 591 2613 transgrediamur
613 2533 711 2596 adea
728 2531 888 2614 epitheta,
912 2549 996 2610 quae
1011 2529 1152 2612 singulis
1170 2529 1307 2597 vocibus

126 2632 368 2699 contineantur.
419 2633 512 2699 Haec
547 2632 725 2715 praecipue
755 2633 982 2699 blandimenta
1013 2636 1094 2698 dant
1128 2632 1215 2715 daie,
1255 2632 1306 2698 his

127 2741 332 2802 venerantur
353 2736 384 2802 h.
400 2754 426 2801 e.
449 2743 587 2802 venuste
610 2738 721 2802 colunt
743 2736 896 2802 homines.
941 2737 1052 2817 Atque
1066 2739 1208 2817 apparet
1233 2754 1306 2817 pre·

127 2843 252 2920 cantes
274 2857 345 2904 eum
369 2838 422 2903 his
445 2838 619 2907 blanditiis
642 2843 780 2904 utantur
802 2839 836 2904 in
859 2838 1116 2921 precationibus,
1140 2858 1211 2905 cum
1236 2837 1307 2904 deis

126 2959 228 3024 agere
250 2942 342 3006 velut
365 2941 501 3007 clientes
524 2961 596 3007 cum
619 2942 777 3025 patronis,
800 2944 943 3023 deosque
967 2941 1115 3024 aspicere
1137 2947 1306 3022 tamqnam

127 3043 316 3126 superiores
338 3045 494 3129 hominem
517 3045 572 3126 qui
595 3045 787 3111 mortalibus
809 3046 972 3127 praefecti
994 3046 1072 3127 sint,
1095 3046 1152 3126 qui
1174 3043 1307 3110 etiamsi

126 3152 246 3229 suopte
269 3148 409 3214 arbitrio
439 3167 493 3214 res
524 3167 640 3230 gerere
672 3150 809 3231 soleant,
838 3153 949 3214 tamen
980 3148 1009 3213 si
1038 3148 1127 3229 aptis
1155 3149 1307 3229 precibus

127 3254 230 3331 atque
266 3251 469 3316 verecundia
511 3251 763 3332 reverentiaque
803 3251 918 3343 debita
955 3253 1120 3315 adeuntur
1163 3250 1307 3331 prompti

125 3353 303 3436 paratique
326 3355 368 3419 ad
383 3358 500 3435 optata
515 3356 707 3436 praebenda
721 3355 813 3420 fiunt.
854 3355 958 3436 Quam
974 3355 1105 3418 deorum
1121 3352 1305 3433 opinionem

125 3457 230 3521 multo
253 3456 450 3522 sanctiorem
473 3476 570 3537 quam
592 3457 691 3539 illam,
716 3477 780 3539 qua
803 3456 947 3522 homines
970 3460 1089 3536 putent
1112 3457 1189 3521 deos
1210 3472 1305 3536 posse

33 3597 39 3604 -
125 3559 230 3625 certis
259 3560 361 3624 modis
383 3561 522 3643 magicis
548 3560 621 3643 cogi
650 3562 750 3626 etiam
773 3559 974 3642 temporibus
1004 3558 1175 3638 aliquanto
1196 3563 1305 3638 poste-

124 3661 269 3728 rioribus
291 3681 363 3728 esse
385 3669 498 3729 natam
521 3663 675 3729 conicias,

214 3765 344 3830 Talium
375 3761 576 3850 ἐπικλήσεων
598 3767 738 3847 primum
761 3767 895 3831 afferam
918 3771 1020 3828 suune
1048 3761 1217 3843 epitheton
1243 3779 1305 3841 quo

123 3885 200 3934 cum
222 3873 397 3948 precantes
417 3868 565 3934 indicent
584 3869 697 3934 debita
712 3868 943 3934 observatione
965 3869 1070 3933 colere
1085 3883 1157 3931 sese
1172 3866 1305 3930 deorum

122 3970 343 4036 sanctitatem
366 3990 406 4036 ac
421 3970 641 4054 divinitatem,
663 3972 793 4037 illorum
812 3969 1078 4038 benevolentiam
1100 3968 1164 4034 sibi
1186 3984 1305 4049 parare

122 4074 279 4140 student:
309 4093 340 4138 n.
363 4075 403 4139 92
435 4075 475 4139 de
498 4074 669 4142 Tiberino:
702 4074 745 4137 Te
766 4078 867 4137 sonmo
893 4092 1018 4154 precor3
1048 4089 1078 4135 n.
1101 4072 1158 4136 73:
1186 4068 1306 4132 Precor

120 4195 179 4240 oca
198 4182 308 4239 macta
329 4178 478 4257 numiam
507 4196 538 4243 n.
561 4176 639 4242 1105
662 4176 779 4240 Sancta
800 4176 894 4239 herba
916 4172 1161 4257 circumcuntium
1192 4191 1222 4236 n.
1245 4172 1304 4236 88:

121 4278 230 4363 Teque
250 4280 447 4344 sanctissima
471 4285 570 4343 mater
590 4279 706 4361 Idaec3
728 4278 814 4345 ibid:
842 4278 901 4342 Vos
916 4280 1007 4342 etium
1021 4282 1112 4359 atque
1133 4277 1223 4339 etium
1244 4275 1306 4337 im-
