3120 4920
521 335 563 389 De
580 335 762 418 Romanorum
779 333 980 402 precationibus
1274 325 1276 328 ⁵
1297 337 1347 402 87⁴

161 507 194 574 N
199 511 328 575 antae
350 507 422 574 sive
436 507 471 589 ii,
486 505 543 588 qui
557 505 804 588 navigationem
819 504 1012 587 suscipiunt,
1035 507 1133 572 deos
1154 506 1340 575 marinos

248 615 382 694 rogant:
411 628 443 676 n.
474 610 530 691 19;
561 609 669 676 Plaut.
698 608 799 675 Stich.
820 609 899 689 4033
929 607 1054 692 Vergil
1081 609 1163 676 Aen.
1184 610 1345 691 1115283

193 733 195 738 ·
248 711 709 795 cremonensium,
734 712 929 794 1;Ι2,59.
1205 730 1208 738 ’

160 815 195 882 Α
216 815 499 883 devoventibus
521 813 852 882 exsecrantibus
875 813 1178 898 defigentibus
1201 819 1338 882 ertem-

249 938 330 1001 que
362 918 569 1000 magicam
604 917 916 983 exercentibus
948 932 1062 999 preces
1090 917 1270 984 mittuntur
1297 919 1340 985 ad

248 1024 347 1088 deos
375 1020 550 1087 inferos.
604 1019 805 1102 Devotio,
834 1020 955 1101 quippe
984 1038 1068 1101 quae
1097 1020 1268 1102 pertineat
1297 1022 1340 1088 ad

247 1131 384 1190 mortem
404 1122 606 1204 inferosque:
629 1142 659 1188 n.
683 1124 740 1203 203
770 1121 842 1189 Liv.
858 1121 943 1188 VIII
964 1123 993 1204 6,
1009 1123 1043 1203 4;
1076 1122 1368 1190 exsecratio:-·

247 1228 360 1294 Senec.
374 1228 461 1293 Med.
477 1228 555 1308 7403
570 1227 605 1292 in
620 1227 761 1307 quadam
775 1225 919 1295 hostium
931 1245 1105 1307 eorumque
1116 1226 1229 1292 finium
1243 1244 1340 1292 con·

248 1330 500 1397 secretione
530 1331 735 1396 advocantur
756 1328 916 1410 Dispater
937 1329 1072 1396 Veiovm
1094 1330 1219 1413 Manes,
1240 1328 1340 1396 inferi

248 1433 299 1500 illi
321 1434 384 1518 dei,
407 1453 437 1499 n.
452 1434 510 1514 21;
532 1432 789 1513 imprecatio
810 1431 964 1499 Gallieno
979 1432 1134 1499 defuncto
1149 1430 1343 1514 imperatori

247 1536 355 1602 factu:
366 1536 479 1602 Aurei.
490 1535 605 1602 Victor
615 1537 656 1600 de
668 1535 759 1601 Caes.
767 1535 818 1618 34,
830 1535 887 1616 313
900 1554 964 1601 ars
978 1535 1142 1618 magica
1153 1539 1340 1601 exercetur:

248 1637 596 1719 OvidmetV111923
611 1638 734 1704 Lucan
749 1637 899 1704 Pharsal.
914 1638 963 1705 VI
976 1639 1056 1720 6953
1078 1637 1176 1720 Apul.
1190 1638 1273 1719 apol.
1289 1638 1341 1703 31.

248 1742 361 1808 Etiam
382 1741 419 1807 in
441 1741 513 1807 def
517 1740 740 1807 inionibus
762 1745 896 1822 praeter
918 1745 1044 1806 ceteros
1067 1742 1239 1807 daemones
1261 1759 1341 1807 non·

248 1864 422 1926 numquam
438 1845 638 1912 adhibentur
653 1844 686 1910 di
701 1843 815 1910 inferi:
839 1863 869 1908 n.
884 1845 926 1910 56
942 1843 989 1930 (di
1004 1843 1126 1929 Inferi),
1147 1863 1178 1910 n.
1193 1844 1235 1910 55
1251 1843 1340 1927 (Dis-

248 1948 366 2033 piter),
395 1967 426 2012 n.
448 1948 490 2013 59
520 1947 590 2031 (qui
619 1946 800 2013 infernales
828 1951 941 2028 partes
969 1945 1094 2031 tenes),
1123 1965 1153 2013 n.
1179 1947 1222 2013 53
1254 1946 1340 2030 (Dea

248 2050 412 2116 AtaecIna
433 2049 682 2132 Turibrigensm
708 2049 929 2134 Proserpina).
1302 2066 1305 2070 “

160 2151 217 2218 Ab
238 2151 489 2219 iurantibus
517 2152 668 2234 inprimis
701 2154 907 2221 advocantur
935 2152 977 2218 di
1006 2151 1145 2218 omnia
1174 2150 1340 2219 numine
1465 2163 1470 2172 '

249 2256 603 2338 complectentes:
626 2256 740 2322 Tellus
755 2263 790 2321 et
804 2255 965 2338 Iuppiter,
987 2275 1018 2322 n.
1037 2257 1095 2338 213
1110 2253 1166 2321 Sol
1181 2259 1215 2320 et
1227 2255 1341 2337 Terra,

248 2358 381 2424 Antbol
403 2359 513 2424 Latin.
539 2359 629 2441 Ill,
653 2361 680 2425 1.

249 2494 477 2578 singularibus
499 2495 724 2562 occasionibus
748 2495 838 2562 datis
859 2495 1056 2563 invocantur
1077 2495 1112 2561 hi
1134 2493 1205 2561 fere
1227 2494 1295 2560 dei:

160 2617 283 2682 Anna
311 2617 506 2690 Peranna
536 2621 667 2700 oratur,
700 2621 738 2682 ut
766 2617 937 2699 longam
967 2618 1024 2682 det
1058 2615 1207 2683 vitam:
1244 2613 1340 2682 ovid.

169 2720 173 2725 ’
248 2717 324 2785 fast.
344 2718 398 2784 HI
419 2718 499 2801 5233

159 2821 372 2887 Fascibus
404 2826 557 2906 rogatur,
590 2828 627 2886 ut
656 2819 908 2887 fascinationem
937 2819 1110 2886 defendat:
1147 2819 1234 2886 PlIn.
1270 2823 1340 2885 nat.

247 2924 324 2990 bist.
345 2924 499 2990 XXVIII
521 2925 579 3004 39;
603 2969 604 2974 ,

158 3026 301 3093 Venus
322 3046 344 3091 a
364 3027 526 3092 matribus
548 3026 750 3108 imploratur,
772 3029 811 3091 ut
834 3025 971 3092 formam
993 3027 1051 3092 det
1072 3024 1200 3092 liberis:
1223 3025 1339 3092 Iuven.

248 3127 316 3196 Sat.
336 3130 370 3195 X
391 3130 471 3211 2903

158 3230 320 3298 Genius
342 3233 525 3299 advocatur
547 3231 600 3297 die
615 3232 739 3298 natali:
760 3250 790 3298 v.
805 3229 979 3298 Schmidtii
996 3230 1115 3296 librum
1131 3248 1231 3312 supra
1250 3249 1280 3312 p.
1296 3229 1339 3295 60

246 3332 426 3400 laudatum.
470 3334 605 3415 Nuptiis
635 3353 706 3400 cum
736 3335 842 3400 lectus
872 3332 1015 3417 genialis
1037 3337 1187 3416 paratur,
1216 3333 1340 3400 Arnob.

247 3438 321 3503 adv.
343 3440 409 3502 nat.
432 3436 469 3502 11
491 3438 548 3518 673

156 3537 361 3622 Iuppiter
389 3540 522 3622 proprie
551 3538 587 3604 in
617 3538 774 3605 diuturna
800 3537 953 3604 siccitate
983 3536 1174 3604 iuvocutur:
1204 3536 1340 3605 Petrum

247 3640 316 3708 Sat.
337 3643 396 3724 44;

156 3742 324 3827 Rubigo
351 3743 504 3826 precibus
534 3744 701 3826 placatur,
732 3762 774 3808 ne
803 3748 933 3826 segetes
969 3741 1121 3826 robigine
1150 3744 1338 3822 pervastet:

248 3845 342 3914 Ovid.
364 3846 441 3912 fast.
463 3846 512 3912 IV
533 3847 614 3928 9113

156 3948 313 4016 Febris
347 3948 475 4032 colitur,
509 3967 550 4015 ne
584 3949 731 4015 homiues
761 3947 901 4014 febrium
935 3946 1184 4014 valetudimbus
1218 3947 1335 4012 vexet:

247 4051 322 4118 Vel.
343 4052 431 4118 Max,
452 4051 488 4117 H
509 4052 539 4133 5,
562 4052 591 4118 6.

246 4204 296 4272 Ac
311 4204 464 4287 quoniam
473 4206 538 4292 ¹hoc
552 4206 622 4272 loco
638 4205 750 4288 agitur
767 4206 807 4272 de
819 4208 981 4272 certorum
995 4205 1125 4270 deorum
1139 4200 1341 4284 adoratione,

155 4327 225 4376 non
254 4307 425 4392 indignum
456 4307 536 4374 mihi
572 4308 704 4376 videtur
734 4326 913 4375 memorare
941 4307 1105 4374 Romanos
1134 4304 1169 4371 in
1197 4299 1340 4387 publicis
