3120 4920
463 290 503 345 De
521 290 704 344 Romanorum
722 289 923 358 precationibus
1236 293 1279 358 73

104 457 232 529 tionum
255 462 403 529 carmina
425 465 501 527 orta
520 465 598 527 sunt
620 459 777 542 longiora,
807 479 942 541 quorum
970 480 1124 527 numerus
1145 481 1287 545 magnus

105 567 149 631 ad
163 584 223 631 nos
239 565 402 648 pervenit,
418 582 436 630 e
452 582 515 644 quo
532 564 673 645 exempli
691 563 801 646 gratia
815 582 1058 630 commemorem
1073 583 1174 646 supra
1187 584 1219 631 n.
1233 566 1285 651 39,

107 670 194 750 quod
209 668 398 734 continetur
414 665 637 749 quadraginta
652 667 796 747 quinque
811 665 931 748 lapidis
946 667 1102 734 latissimi
1117 668 1286 751 versibus3

107 769 261 837 conferas
286 769 387 836 etiam
410 788 512 852 supra
533 789 563 835 n.
585 770 723 835 34-38.

193 873 288 939 Nunc
311 891 515 954 quaeramus,
545 877 665 954 utrum,
692 871 722 937 si
743 871 874 939 varium
904 873 1063 938 ambitum
1090 873 1286 958 neglexeris,

106 974 268 1057 distingui
290 975 418 1056 possint
440 973 535 1040 varin
556 974 782 1055 precationum
804 993 938 1057 genera.
989 975 1063 1041 Huc
1089 975 1287 1056 proferenda

106 1084 185 1144 sunt
208 1097 256 1161 ea,
279 1097 363 1158 quae
386 1077 541 1144 Valerius
556 1066 721 1142 Maximus
744 1078 806 1160 ll,
824 1080 841 1142 1
866 1079 907 1143 de
929 1076 1068 1161 singulm
1090 1078 1287 1159 quibusdam

106 1182 333 1264 precationum
356 1179 534 1262 generibus
557 1180 695 1246 dixerit:
723 1179 831 1244 Prisco
860 1183 941 1244 enirn
962 1183 1102 1245 Instituta
1129 1181 1219 1245 rebus
1240 1182 1288 1246 aii-

106 1287 189 1348 oinr's
210 1304 302 1367 opero
317 1283 421 1365 datur,
442 1303 512 1347 curn
527 1283 650 1366 aliquid
664 1283 942 1347 commendandum
957 1291 1000 1348 est
1014 1287 1196 1368 precatione,
1217 1304 1288 1347 auru

107 1387 230 1471 aliquid
250 1386 472 1467 exposcendam
501 1391 574 1469 uoto,
603 1406 673 1449 curn
694 1386 873 1451 soluendum
895 1387 1112 1469 pratulationq
1140 1406 1210 1450 cum
1238 1389 1291 1450 in-

109 1488 296 1572 quirendum
317 1489 364 1552 oei
384 1490 461 1552 eatis
481 1487 530 1552 oei
549 1487 684 1551 sortibus
705 1489 753 1552 oei
776 1489 939 1571 impetrito,
968 1508 1038 1552 cunr
1060 1489 1202 1553 sollemni
1222 1491 1290 1553 ritu

106 1591 318 1672 perapeadum
340 1591 500 1673 scampno,
526 1610 586 1674 qno
607 1593 700 1654 etiarn
724 1596 910 1654 ostentorum
932 1595 959 1654 et
979 1591 1148 1672 fuipurum
1170 1591 1288 1655 unun-

111 1695 254 1758 tiationes
270 1701 494 1774 procurantur.
545 1692 674 1758 Similia
703 1693 801 1759 affert
830 1693 958 1759 Plinius
980 1696 1084 1760 verba
1105 1694 1182 1760 Nat.
1211 1695 1289 1760 hist.

109 1795 263 1861 XXVIII
280 1798 336 1861 ll:
357 1795 529 1859 Praeterea
543 1797 610 1859 aliu
623 1801 698 1859 suut
718 1794 810 1859 uerba
824 1798 995 1878 impetritis,
1017 1797 1082 1860 aiio
1094 1796 1289 1880 depulsoria,

110 1898 176 1962 alia
214 1898 490 1964 ammendationis.
549 1899 663 1978 Neque
699 1900 886 1981 negandum
925 1903 978 1964 est
1012 1918 1049 1964 re
1078 1918 1159 1965 vera
1186 1900 1289 1964 talem

110 2002 273 2082 quandam
297 2000 388 2066 inter
409 2001 541 2084 singula
563 1999 788 2082 precationum
817 2019 942 2083 genera
964 2000 1184 2067 differentiam
1206 2001 1290 2067 exti-

111 2103 210 2184 tisse,
234 2103 398 2169 diversum
421 2103 558 2185 petendi
580 2122 684 2185 genus
707 2104 856 2171 diversas
878 2104 995 2184 genuit
1016 2104 1180 2171 formulas.
1225 2104 1295 2170 Sed

111 2206 172 2273 hoc
194 2205 370 2272 discrimen
391 2206 491 2273 valde
512 2206 636 2271 fluxum
658 2205 731 2290 fuit,
761 2207 955 2288 praesertim
985 2225 1058 2273 cum
1081 2207 1209 2273 Valerio
1239 2226 1291 2273 re·

108 2309 264 2390 sponderi
291 2308 396 2391 possit
425 2313 460 2375 et
487 2309 562 2390 ipsa
591 2327 719 2390 quoque
747 2310 939 2391 precatione
967 2310 1133 2375 interdum
1163 2309 1291 2390 aliquid

112 2411 242 2493 expeti,
275 2411 413 2493 ipsoque
445 2419 521 2479 voto
556 2411 680 2493 aliquid
713 2412 934 2478 commendari
967 2430 1026 2478 neo
1059 2431 1124 2479 non
1156 2418 1294 2493 praeter

110 2515 356 2596 gratulationes
371 2514 533 2580 sacrificio
548 2515 601 2582 vel
617 2515 823 2581 dedicatione
838 2515 923 2582 solvi
938 2514 1072 2595 aliquid.
1112 2517 1293 2581 Praeterea

111 2617 347 2700 progrediente
370 2617 603 2698 disquisitione
625 2617 855 2700 intellegemus
877 2618 963 2683 hanc
985 2618 1204 2684 differentiam
1226 2636 1291 2683 non

112 2739 185 2788 esse
208 2719 273 2785 nisi
295 2720 532 2803 secundariam,
563 2719 752 2802 primariam
775 2727 883 2786 autem
908 2720 1068 2786 sermonis
1091 2725 1290 2786 structuram

112 2823 262 2891 omnibus
284 2823 438 2904 precibus
468 2842 667 2889 communem
697 2842 778 2889 esse.
830 2822 941 2906 Quare
970 2822 1097 2889 Valerii
1127 2829 1162 2889 et
1190 2821 1293 2889 Plinii

112 2924 325 3008 separatione
346 2925 500 3008 neglecta
522 2928 563 2990 de
585 2927 738 3007 precibus
759 2926 794 2992 in
817 2925 1006 2992 universum
1029 2932 1157 3009 agetur.

198 3029 262 3094 Sed
285 3028 477 3110 priusquam
505 3031 549 3094 ad
578 3029 684 3110 ipsum
705 3048 885 3096 sermonem
915 3031 1155 3096 observandum
1184 3033 1294 3094 trans·

113 3132 312 3214 grediamur,
340 3150 408 3196 una
437 3133 545 3197 adhuc
573 3139 723 3199 veterum
752 3133 970 3198 Romanorum
1001 3134 1041 3198 de
1070 3137 1191 3198 natura
1219 3149 1293 3213 pre-

114 3233 255 3299 cationis
278 3233 387 3314 opinio
402 3234 517 3314 paucis
539 3235 750 3315 explananda
765 3242 824 3300 est.
868 3233 1070 3301 Evolvamus
1091 3233 1235 3300 Plinium
1257 3233 1293 3298 in

112 3336 261 3402 naturali
291 3336 430 3402 historia
456 3337 610 3403 XXVIII
641 3337 681 3402 10
693 3357 777 3420 sqq,
807 3355 869 3418 quo
899 3337 968 3401 loco
999 3336 1112 3418 agitur
1139 3337 1180 3400 de
1208 3336 1294 3401 mira

114 3440 254 3520 quadam
276 3438 499 3520 precationum
528 3445 563 3505 et
589 3440 768 3505 carminum
795 3439 839 3506 vi.
890 3438 982 3522 Quae
1010 3457 1083 3504 cum
1105 3456 1297 3504 commemo·

112 3548 238 3624 rentur,
267 3541 397 3607 Plinius
420 3542 594 3620 variorum,
627 3562 712 3624 quae
734 3541 838 3624 ipsius
867 3541 1070 3622 temporibus
1097 3540 1296 3623 existebant,

112 3643 294 3710 carminum
322 3644 519 3711 mentionem
549 3645 640 3711 facit.
697 3645 738 3711 In
768 3645 917 3711 omnibus
947 3643 1033 3709 enim
1059 3645 1159 3709 rebus
1189 3643 1296 3709 sacris

113 3745 278 3812 faciundis
300 3765 381 3829 opus
408 3765 481 3813 esse
507 3748 761 3830 precationibus
791 3765 876 3829 quae
897 3745 1059 3830 singulari
1089 3746 1229 3826 quadam
1258 3744 1295 3812 ri

113 3849 288 3932 praeditae
310 3850 393 3915 sint:
415 3852 557 3914 victimas
571 3851 658 3915 caedi
678 3853 745 3914 sine
763 3852 937 3930 precatione
958 3870 1020 3913 non
1036 3848 1157 3912 udatur
1176 3849 1296 3928 referre

113 3959 170 4016 out
193 3952 264 4016 deos
284 3954 343 4017 rite
365 3953 493 4018 consuli.
537 3953 676 4019 Romani
696 3952 782 4018 enim
797 3951 1034 4019 existimabant
1049 3949 1296 4033 precationibus

114 4055 275 4137 omnibus,
296 4054 414 4136 quibus
433 4075 506 4121 cum
522 4055 593 4121 deis
610 4058 834 4122 commercium
857 4055 996 4136 inibant,
1018 4054 1178 4135 siquidem
1194 4052 1296 4118 certis

114 4158 310 4239 quibusdam
333 4158 482 4224 formulis
504 4164 683 4241 conceptae
713 4163 818 4240 erant,
846 4176 973 4224 sacrum
997 4159 1160 4239 quoddam
1182 4153 1296 4238 perfici

115 4260 294 4344 negotium,
316 4279 379 4342 quo
402 4261 468 4327 rite
485 4266 619 4343 peracto
642 4261 696 4327 dei
717 4261 813 4327 simul
828 4265 1024 4344 cogerentur
1046 4260 1090 4325 ad
1112 4277 1189 4341 rem,
1212 4274 1298 4339 quae
