3120 4920
256 294 315 360 182
738 291 872 362 Georgius
889 291 976 360 Appel

273 459 327 539 αἷς
354 463 537 546 νομίζοντες
563 461 619 526 καὶ
647 461 737 526 αὐτοὶ
765 463 866 538 θεούς
901 484 991 538 τινας
1015 460 1229 548 ἐκκεκλῆσθαι
1260 463 1354 549 παρὰ
1389 475 1457 528 τῶν

272 566 439 650 πολεμίων
461 565 517 630 καὶ
539 567 753 652 μετῳκηκέναι
775 564 859 651 πρὸς
880 564 995 642 αὐτοὺς
1016 561 1190 649 ἐφοβοῦντο
1211 565 1307 631 ταύτὸ
1328 570 1457 632 παθεῖν

272 666 329 758 ὑφ’
359 667 475 754 ἑτέρων
498 720 505 736 .
528 717 535 732 .
561 717 569 732 .
592 721 600 736 .
628 670 728 752 ᾤοντο
750 668 903 750 Ῥωμαῖοι
931 669 967 732 τὸ
988 666 1125 755 ἄρρητον
1145 669 1200 732 καὶ
1221 668 1258 734 τὸ
1288 668 1456 754 ἄγνωστον

264 772 514 858 ἀσφαλεστάτην
535 767 618 836 εἶναι
633 773 716 835 θεοῦ
736 771 792 834 καὶ
811 773 1024 857 βεβαιοτάτην
1053 772 1197 857 φρουράν
1219 819 1349 840 .....
1371 772 1454 838 ἀπε·

271 879 436 961 κράψαντο
457 874 494 938 τὸ
512 876 620 957 κύριον
634 882 687 959 τῆς
701 877 859 959 σωτηρίας
881 872 912 938 οἱ
926 873 1064 938 παλαιοὶ
1086 873 1239 955 Ῥωμαῖοι
1260 875 1450 959 βουλόμενοι

271 978 430 1064 μὴμόνον
450 988 561 1042 τοῦτον
582 976 664 1040 ἀλλὰ
685 979 810 1053 πάντας
836 973 903 1040 ὑπὸ
933 988 996 1040 τῶν
1017 976 1161 1041 πολιτῶν
1181 977 1256 1055 τοὺς
1283 979 1384 1055 θεοὺς
1403 1003 1452 1044 τι·

270 1085 403 1164 μασθαι
414 1083 436 1144 ¹.

357 1185 508 1252 Vidimus
536 1183 641 1267 igitur
678 1181 910 1248 arcanissimus
938 1182 1042 1248 fuisse
1071 1183 1310 1265 appellationes
1338 1204 1452 1252 eorum

270 1290 411 1371 deorum,
434 1305 570 1368 quorum
591 1286 627 1350 in
648 1285 757 1351 tutela
780 1289 866 1351 esset
889 1304 943 1351 res
965 1285 1098 1367 publica
1119 1287 1276 1369 Romana,
1303 1307 1346 1354 ne
1369 1289 1448 1369 quid

269 1392 390 1473 hostes,
412 1408 485 1456 cum
506 1393 680 1455 uterentur
701 1388 767 1453 illis
788 1387 980 1471 nominibus,
1003 1389 1159 1455 Romanis
1174 1408 1292 1456 nocere
1306 1398 1453 1472 possent.

260 1494 390 1574 itaque
404 1492 536 1558 facilius
551 1491 702 1573 intellegi
717 1495 835 1573 potest,
858 1509 923 1572 qua
944 1492 986 1556 (le
1007 1510 1109 1557 causa
1130 1491 1165 1557 iu
1180 1492 1239 1558 illa
1253 1499 1448 1573 pervetusta

270 1591 474 1663 evocationis
488 1595 677 1678 precatione
693 1613 714 1660 a
729 1594 894 1659 Macrobio
909 1593 1019 1677 (1119,
1034 1597 1054 1659 7
1070 1624 1113 1650 =
1127 1614 1157 1660 u.
1173 1596 1227 1680 22)
1250 1596 1379 1661 tradita
1394 1596 1446 1662 dei

269 1717 386 1766 nomen
409 1698 565 1765 definitur
586 1698 727 1763 formula
740 1699 769 1760 si
781 1697 855 1760 deus
869 1698 898 1760 si
910 1696 969 1760 dea
991 1702 1035 1760 est
1056 1699 1109 1761 cai
1124 1699 1263 1782 popalus
1281 1701 1452 1783 civitasque

260 1801 533 1886 *Oartlopiaioasis
554 1807 597 1864 est
616 1802 652 1864 io
670 1800 773 1865 tutelo.
816 1800 979 1865 Romanos
1002 1799 1097 1881 enim,
1120 1801 1212 1866 urbis
1233 1801 1448 1884 Carthaginis

269 1905 389 1986 hostes
404 1923 521 1970 nomen
534 1903 594 1987 dei,
611 1902 667 1984 qui
678 1902 817 1968 tutelam
828 1902 927 1968 huius
942 1903 1035 1968 urbis
1050 1903 1184 1984 recepit,
1200 1905 1451 1971 accuratissime

259 2009 468 2074 ¹occultatum
496 2025 561 2072 non
593 2006 726 2072 uouisse
762 2010 1016 2071 consentaneum
1046 2011 1107 2072 est.
1165 2006 1271 2089 Quam
1299 2009 1340 2073 ob
1377 2027 1448 2074 rem

268 2128 384 2176 nomen
407 2109 491 2175 illud
512 2108 662 2192 ignotum
683 2108 795 2174 verbis
821 2126 922 2189 supra
948 2107 1060 2174 allatis
1083 2107 1254 2174 circumire
1276 2114 1445 2176 conantur.

355 2229 586 2310 similibusque
607 2230 648 2294 de
674 2228 782 2294 causis
805 2233 899 2293 certa
919 2246 1045 2309 quoque
1067 2229 1232 2294 hominum
1253 2248 1387 2314 genera,
1409 2235 1451 2296 ut

266 2331 434 2415 peregrini
456 2336 491 2397 et
512 2330 611 2414 servi,
634 2332 767 2396 arebus
790 2329 913 2396 divinis
935 2331 1152 2396 Romanorum
1175 2332 1448 2398 excludebantur,

267 2437 376 2516 Atque
388 2435 498 2501 Herm.
513 2434 606 2500 Diels
617 2433 759 2516 Sibyllin.
775 2432 898 2496 Bltttter
909 2433 951 2517 (p.
964 2434 1005 2499 96
1014 2433 1114 2516 seqq.)
1131 2435 1225 2500 uobis
1241 2436 1450 2501 demonstrat-

266 2537 428 2605 Romanos
443 2543 481 2603 ut
495 2538 557 2603 hoc
574 2537 791 2604 instituerent
807 2538 965 2602 adductos
988 2555 1060 2603 esse
1083 2536 1235 2618 opinione
1250 2539 1449 2621 peregrinos

256 2645 301 2707 ‘et
317 2659 428 2708 servos
443 2642 554 2706 hostes
573 2659 644 2706 esse
658 2639 769 2722 populi
784 2639 924 2705 Romani
945 2658 1064 2721 eosque
1079 2640 1210 2707 novisse
1225 2640 1443 2708 Romanorum

232 2743 234 2747 ’
267 2745 398 2810 deorum
407 2762 523 2809 nomen
532 2761 687 2810 sexumve
695 2761 765 2808 esse
774 2741 953 2826 nefastum
963 2741 1031 2808 illis
1040 2741 1215 2824 compertis
1224 2743 1450 2810 validioribus

257 2845 417 2923 artificiis
440 2845 572 2913 vincere
594 2850 728 2926 possent
742 2845 841 2927 illam,
864 2865 929 2926 qna
944 2846 998 2911 dei
1013 2851 1218 2928 cogerentur,
1239 2847 1449 2927 precationis

265 2948 341 3014 rim.
385 2948 438 3014 Ex
460 2967 582 3030 magua
603 2949 823 3029 exemplorum
845 2948 941 3029 copia
963 2966 1063 3014 unum
1093 2949 1276 3015 alterumve
1298 2950 1448 3016 afferam.

265 3051 387 3116 Paulus
409 3050 503 3116 Festi
531 3070 562 3132 p.
584 3051 669 3116 83M
698 3050 735 3134 (s.
757 3069 789 3117 v.
811 3055 909 3114 coesto
930 3057 1017 3115 estro
1040 3051 1130 3135 esto):
1160 3050 1213 3115 Sic
1241 3053 1323 3114 enim
1354 3053 1451 3116 lictor

264 3155 299 3218 io
322 3152 504 3237 quibasdam
526 3155 622 3216 sacris
644 3152 837 3216 clamitabat:
864 3153 957 3217 hostis
977 3153 1119 3235 rro'nctas2
1142 3153 1253 3216 mollier
1280 3156 1369 3238 οἰνρο
1390 3175 1443 3218 ea-

264 3263 344 3320 esto:
367 3257 478 3320 scilicet
500 3257 644 3320 interesse
662 3255 886 3337 prohibebatur.
931 3255 1064 3322 Sueten.
1081 3255 1194 3321 Claud.
1217 3275 1243 3322 c.
1258 3257 1316 3322 22:
1344 3255 1452 3342 thue

263 3358 337 3423 diro
359 3379 411 3422 ace
432 3361 466 3423 io
489 3357 639 3440 Capitolio
659 3361 727 3423 oisc
753 3359 909 3423 obtestatio
937 3358 1099 3423 habeatur
1127 3378 1253 3443 eamque
1281 3361 1345 3440 ipse
1373 3362 1445 3424 iare

264 3463 397 3526 maximi
414 3461 570 3544 pontificis
586 3481 648 3546 pro
669 3464 778 3526 rostris
796 3462 911 3544 populo
936 3463 1082 3545 praeiret,
1103 3466 1314 3545 sunemotoqcc
1334 3482 1448 3545 opero·

262 3567 383 3629 riorum
405 3585 623 3649 servorumque
645 3565 745 3630 turbo.
789 3565 880 3632 Serv.
899 3567 942 3630 ad
964 3565 1046 3630 Aen.
1069 3565 1153 3631 VIII
1177 3565 1254 3630 179:
1277 3562 1319 3627 Ικ
1341 3567 1452 3630 sarrs

262 3669 343 3732 enim
372 3667 522 3732 Herculis
550 3688 603 3731 nec
627 3669 709 3732 servi
736 3669 909 3731 intererant
938 3688 991 3731 nec
1017 3667 1124 3732 liberti.
1176 3666 1324 3734 Zosimus
1353 3667 1443 3735 Hist.

262 3789 347 3838 nova
363 3771 476 3854 115,1
500 3771 554 3857 (de
567 3770 766 3837 lustratione
790 3770 960 3856 quadam:
984 3768 1094 3833 δοῦλοι
1116 3767 1152 3833 δὲ
1167 3770 1288 3832 τούτων
1310 3767 1348 3833 ot
1369 3791 1449 3852 μετι

350 3943 360 3973 ¹
377 3941 483 3996 Similia
500 3941 631 4010 leguntur
649 3941 721 4009 apud
732 3940 792 3996 Liv.
804 3941 846 3995 VI
859 3941 882 4009 1,
896 3941 942 4010 103
960 3941 1055 4008 Lydus
1074 3940 1106 3994 de
1122 3939 1233 3995 mensib.
1248 3956 1274 4007 p.
1288 3939 1346 4010 126,
1357 3939 1450 4008 ὅσση..

261 4027 416 4166 Μωξὴβο
433 4112 556 4168 vinctum
573 4113 707 4168 removeri
719 4113 862 4180 oportebat
879 4128 912 4166 ue
925 4128 963 4180 eo,
976 4113 1047 4180 quod
1066 4116 1126 4167 erat
1143 4111 1283 4181 alligatus,
1302 4111 1452 4167 conteris.

261 4199 376 4254 oriretur
399 4198 441 4254 vie
459 4199 575 4268 magica,
599 4215 653 4266 qua
676 4198 765 4266 ipsum
791 4197 953 4266 precationis
977 4213 1084 4253 carmen
1109 4198 1143 4251 etl
1169 4197 1249 4252 deum
1273 4196 1448 4255 uranum

247 4289 414 4351 vrausceptum
432 4285 510 4339 fleret
527 4284 686 4341 invalidum.
