3120 4920
559 1503 691 1586 caput
718 1503 895 1572 alterum

341 1682 395 1749 Ile
416 1681 665 1765 precationum
687 1681 930 1748 Romanarum
953 1699 1117 1749 sermone

223 1852 382 1918 Locuturi
405 1853 446 1916 de
468 1849 694 1916 adorationum
718 1851 934 1916 Romanarum
965 1870 1113 1917 sermone
1142 1854 1315 1919 materiam

138 1963 208 2021 tres
231 1955 301 2020 sere
328 1955 361 2019 in
392 1959 505 2035 partes
535 1953 779 2035 distribuamus
811 1973 947 2034 quarum
979 1955 1084 2035 prima
1107 1973 1317 2039 exponamus

137 2060 256 2139 quibus
276 2057 502 2123 occasionibus
525 2057 612 2122 datis
634 2057 773 2121 Romani
802 2057 930 2137 precati
953 2057 1030 2140 sint,
1061 2058 1177 2141 altera,
1209 2059 1316 2139 qualis

137 2162 240 2227 fuerit
263 2160 335 2242 ipse
357 2159 581 2241 precationum
605 2178 719 2242 sermo,
748 2159 859 2241 tertia,
890 2162 1046 2241 quomodo
1069 2168 1181 2226 certae
1203 2180 1317 2242 preca·

138 2265 246 2330 tiones
269 2282 331 2329 usu
353 2268 520 2344 tamquam
543 2262 686 2327 detritae
716 2262 794 2328 sint.
840 2262 967 2347 Quibus
997 2263 1032 2329 in
1056 2264 1221 2345 capitibus
1244 2283 1316 2346 per-

137 2367 321 2432 tractandis
337 2366 458 2448 passim
474 2365 573 2431 etiam
589 2366 704 2449 poetis,
728 2367 792 2448 qui,
814 2367 962 2448 quamvis
979 2367 1123 2433 Graecos
1137 2367 1317 2448 imitentur,

137 2471 225 2535 haud
248 2489 324 2535 raro
347 2469 504 2535 exhibent
525 2488 605 2535 vere
626 2469 783 2551 Romana,
806 2471 944 2535 utemur.

225 2573 305 2656 Quis
328 2579 387 2656 est,
410 2572 467 2652 qui
492 2572 630 2655 nesciat,
653 2578 777 2652 quanta
800 2572 938 2638 Romani
960 2572 1086 2637 fuerint
1108 2571 1315 2654 religione?¹

138 2677 226 2761 Quin
242 2677 340 2742 etiam
355 2695 460 2757 paene
476 2676 655 2742 credideris
667 2675 742 2741 illos
755 2676 925 2757 aliquanto
937 2675 1043 2757 magis
1059 2695 1156 2757 quam
1172 2678 1317 2742 Graecos

138 2780 275 2862 pietatis
298 2799 379 2861 erga
409 2780 486 2845 deos
516 2778 613 2844 laude
643 2777 799 2861 floruisse,
829 2779 1025 2860 praesertim
1058 2798 1129 2844 cum
1159 2779 1317 2845 nonnulla

138 2882 336 2963 scriptorum
359 2882 558 2948 Graecorum
581 2881 772 2946 testimonia
802 2881 923 2962 passim
947 2882 1075 2948 tradita
1097 2884 1139 2948 ad
1162 2901 1221 2947 nos
1244 2901 1316 2963 per·

138 2985 308 3063 venerint,
338 3003 378 3050 ex
413 2983 531 3065 quibus
560 2984 777 3067 intellegatur
808 2985 970 3051 Romanos
1000 2986 1189 3068 religiosius
1219 3004 1317 3066 quam

139 3088 282 3154 Graecos
305 3086 443 3152 coluisse
469 3089 555 3152 deos,
607 3087 672 3152 Sed
701 3088 731 3152 si
754 3088 1017 3159 consideraveris
1048 3088 1192 3154 Graecos
1223 3089 1317 3169 quin·

137 3190 248 3273 gentis
270 3189 365 3255 annis
388 3194 466 3255 ante
488 3189 684 3256 adsimilem
701 3191 1050 3272 acRomanospostea
1073 3191 1197 3256 cultum
1215 3196 1316 3271 atque

138 3293 376 3358 humanitatem
400 3292 600 3375 pervenisse,
622 3292 689 3358 iam
711 3292 887 3375 intelleges
910 3292 970 3358 illa
992 3294 1191 3359 Graecorum
1214 3293 1316 3374 scrip·

138 3405 245 3462 torum
268 3396 371 3462 verba
386 3394 470 3460 artis
491 3395 675 3461 rhetoricae
691 3396 860 3461 continere
882 3397 968 3461 locos
984 3414 1176 3476 communes,
1199 3394 1317 3475 quibus

138 3498 312 3580 depravati
334 3498 543 3580 Graecorum,
572 3498 628 3579 qui
648 3502 728 3563 tunc
750 3498 919 3582 vivebant,
948 3517 1054 3564 mores
1083 3498 1318 3579 improbentur.

138 3603 263 3667 Tamen
292 3601 351 3666 hos
381 3601 468 3666 locos
498 3602 650 3683 afferam,
683 3620 754 3666 cum
785 3601 853 3666 sint
881 3601 1098 3667 Romanorum
1129 3620 1210 3684 erga
1239 3602 1317 3666 deos

137 3704 275 3786 pietatis
297 3703 496 3769 testimonie.
540 3704 699 3786 Polybius
720 3703 802 3769 dicit
825 3704 872 3768 VI
891 3705 942 3784 be,
958 3706 993 3769 6:
1023 3707 1181 3788 Μεγὶσιην
1203 3701 1240 3765 δέ
1259 3723 1317 3783 μοι

137 3806 227 3869 δοκεῖ
248 3805 410 3891 διαφορὰν
439 3804 524 3884 ἔχειν
551 3804 587 3869 τὸ
617 3804 782 3887 Ῥωμαίων
810 3806 990 3887 πολίτευμα
1012 3805 1097 3890 πρὸς
1128 3805 1254 3888 βέλτιον
1283 3801 1318 3868 ἐν

136 3921 174 3993 τῇ
199 3909 273 3991 περὶ
294 3913 382 3972 θεῶν
405 3907 566 3994 διαλήψει.
618 3913 683 3972 Καί
710 3932 768 3990 μοι
802 3908 892 3974 δοκεῖ
920 3909 955 3973 τὸ
985 3910 1078 3995 παρὰ
1107 3920 1177 3985 τοῖς
1208 3908 1319 3983 ἄλλοις

137 4011 332 4095 ἀνθρώποις
353 4008 588 4092 ὀνειδιζόμενον
609 4022 703 4075 τοῦτο
724 4015 865 4092 συνέχειν
886 4013 925 4075 τὰ
947 4012 1115 4095 Ῥωμαίων
1134 4013 1319 4095 πράγματα,

146 4139 153 4143 .
225 4185 235 4215 ¹
253 4184 278 4238 J.
297 4183 456 4251 Marquardt
472 4182 737 4253 Slaotseerwaltunp
754 4185 800 4238 III
822 4201 848 4252 p.
866 4183 900 4237 st
918 4184 979 4238 adn.
998 4183 1029 4252 33
1054 4184 1087 4238 G.
1106 4183 1241 4238 Wiesovva
1259 4179 1320 4235 Bel.

137 4287 165 4324 o.
183 4269 263 4324 Kolt.
282 4268 308 4324 d.
326 4268 405 4324 Rom.
424 4285 450 4337 p.
467 4269 520 4323 323
538 4269 599 4325 adn.
617 4270 642 4324 b.
