3120 4920
185 317 227 382 76
658 312 791 383 Georgius
808 312 898 381 Appel

183 484 258 549 Non
281 505 341 549 esse
355 490 544 564 compertum
559 485 611 547 cni
624 482 679 546 deo
700 503 764 546 rem
778 482 918 546 divinam
938 481 1010 564 fieri
1024 488 1166 566 oporteat,
1188 504 1259 548 anm
1281 491 1372 549 terra

186 592 289 671 manet,
311 587 404 653 Noot.
426 588 496 652 Att.
518 586 553 652 II
575 587 625 667 28,
641 587 734 666 2sq.:
754 584 927 668 Propterea
948 592 1060 650 vetares
1080 585 1218 650 Romani
1239 606 1310 651 anm
1331 589 1368 651 in

185 690 257 755 abiis
278 692 356 753 uitae
378 689 492 770 officiis
513 696 579 752 tum
609 690 646 752 in
668 688 890 752 constituendis
911 688 1113 768 retioionibns
1140 695 1235 772 atque
1261 692 1296 754 in
1319 690 1372 754 otis

185 792 411 857 immortalibus
432 791 708 855 animadvertentes
729 793 893 854 castissimi
913 793 1152 875 cautissimam,
1175 792 1229 856 nbi
1251 799 1368 856 terram

186 897 312 959 monisse
333 902 496 958 senserant
516 896 731 957 nuntiatumve
753 898 827 976 erat,
856 895 957 973 ferias
978 894 1046 957 eins
1070 896 1118 958 rei
1146 915 1240 958 cansa
1270 895 1375 959 edicto·

186 997 388 1081 imperabant,
409 996 533 1061 saddai
554 1017 671 1078 nomen,
694 998 742 1059 nti
763 997 846 1077 sobet,
868 998 921 1059 cui
941 998 1061 1060 seruari
1081 997 1181 1076 ferias
1202 998 1367 1078 oportebat,

185 1107 321 1165 statuere
342 1106 370 1164 ct
384 1100 514 1164 ediscere
528 1099 729 1184 quiescebant,
751 1119 789 1162 ne
808 1100 906 1162 atinm
920 1118 979 1180 pro
994 1101 1057 1163 atio
1072 1100 1264 1164 nominando
1282 1101 1372 1181 falsa

187 1204 334 1288 retipione
352 1203 503 1285 popntnm
521 1203 695 1283 attiparent.
738 1200 807 1264 Eas
819 1202 921 1281 terias
942 1204 1057 1285 siquis
1070 1203 1231 1282 polluisset
1241 1203 1374 1284 piaculo

187 1306 224 1369 ob
244 1305 326 1368 banc
340 1325 405 1368 rem
420 1324 496 1387 opns
514 1312 595 1386 esset,
616 1303 748 1368 bostiam
774 1305 821 1386 „si
835 1304 890 1367 deo
904 1305 932 1367 si
944 1303 1035 1368 cteae“
1060 1305 1263 1369 immolabant
1276 1305 1374 1389 idque

187 1410 233 1472 ita
254 1428 291 1472 ac
311 1408 431 1471 decreto
447 1406 631 1490 pontificum
662 1406 853 1470 obsematnm
876 1427 936 1470 esse
958 1406 1007 1472 M.
1036 1407 1137 1471 Varro
1158 1407 1242 1491 dicit,
1271 1428 1371 1492 qnon-

187 1513 253 1575 iam
283 1518 312 1574 ct
341 1531 404 1594 qua
433 1511 464 1573 oi
492 1514 520 1573 et
539 1530 598 1592 per
620 1529 710 1592 quem
739 1509 866 1572 deornm
896 1509 1086 1592 dearumque
1114 1516 1200 1573 terra
1229 1515 1375 1574 tremeret

187 1616 340 1678 incertum
362 1619 437 1676 esset
446 1612 468 1679 1.
518 1611 656 1676 Romani
677 1610 783 1693 igitur
803 1617 883 1695 tum,
905 1630 978 1677 aum
1001 1611 1202 1695 nesciebant,
1232 1613 1286 1679 cui
1308 1614 1373 1679 deo

188 1715 434 1784 venerationem
457 1716 625 1797 deberent,
646 1733 706 1795 pro
728 1719 818 1780 certo
834 1713 963 1779 nomine
985 1713 1020 1778 in
1035 1715 1282 1796 precationibus
1297 1720 1374 1781 ute·

188 1821 312 1885 bantur
326 1817 483 1900 formulis,
506 1817 623 1898 quibus
642 1817 695 1882 dei
711 1816 802 1882 illius
817 1816 923 1899 ignoti
938 1835 1054 1882 nomen
1070 1817 1211 1883 circuitu
1225 1818 1369 1899 plurium

188 1922 362 1988 verborum
385 1919 612 1986 enuntiabant.
657 1919 728 2002 Quo
743 1919 832 1984 facto
848 1937 910 1984 non
928 1924 1002 1984 erat
1020 1919 1210 2002 periculum,
1233 1939 1275 1986 ne
1297 1939 1372 1986 anm

189 2026 285 2090 deum
317 2030 406 2090 certo
435 2024 575 2103 quodam
601 2022 731 2088 nomine
760 2022 927 2104 appellare
956 2024 1137 2105 studerent,
1166 2023 1286 2088 falsum
1312 2025 1370 2088 ed·

189 2127 344 2193 biberent
364 2145 488 2208 nomen,
512 2145 575 2206 qua
597 2126 685 2191 dicto
708 2125 810 2190 falsas
832 2124 1011 2207 religiones
1041 2124 1113 2192 sive
1142 2125 1228 2191 falsa
1256 2126 1375 2191 debita

190 2229 396 2310 susciperent
419 2229 543 2309 deoque
558 2228 630 2311 ipsi,
654 2228 707 2294 cui
721 2247 854 2294 necesse
874 2233 947 2293 erat
962 2247 1058 2294 sacre
1080 2227 1161 2309 fieri,
1184 2246 1249 2294 non
1271 2228 1376 2294 satis-

190 2332 347 2398 facerent.
391 2332 474 2396 Nam
504 2333 583 2396 deus
613 2350 677 2397 non
706 2330 771 2396 nisi
800 2335 890 2396 reeta
919 2329 1049 2396 nomine
1076 2331 1265 2413 appellatus
1296 2330 1370 2413 cogi

190 2439 301 2517 potest
323 2452 419 2499 saara
442 2434 591 2515 accipere
613 2453 792 2515 precesque
814 2432 938 2498 audire.

276 2537 341 2603 Sed
364 2536 445 2618 ipsis
467 2537 633 2619 exemplis,
655 2555 739 2617 quae
755 2537 845 2602 haud
867 2554 974 2617 pauca
997 2538 1115 2601 ednas
1136 2541 1373 2619 pervenerunt,

189 2640 250 2707 illa
269 2639 410 2706 Arnobii
432 2639 598 2720 Gelliique
620 2639 810 2705 testimonia
832 2639 1102 2719 comprobantur:

276 2762 308 2809 n.
330 2744 370 2808 21
395 2742 540 2826 (initium
568 2746 781 2823 pervetustae
810 2740 1022 2826 devotionis):
1050 2739 1207 2824 Dispater,
1243 2740 1375 2821 Vrinam,

190 2844 311 2927 Manes,
333 2847 393 2908 siae
415 2864 475 2928 qno
497 2845 560 2908 atio
582 2846 705 2907 nomine
722 2845 779 2926 fas
793 2850 837 2908 est
856 2846 1026 2909 nominare.
1063 2843 1200 2909 Servius
1223 2845 1265 2908 ad
1288 2843 1375 2909 Aen.

191 2947 328 3014 11251:
349 2946 394 3010 Et
408 2945 573 3028 Pontifices
591 2947 821 3026 precabantur:
843 2945 1006 3030 „Iuppiter
1027 2949 1138 3027 optime
1159 2949 1291 3010 macine
1311 2949 1373 3010 sive

191 3070 251 3131 qno
273 3049 335 3112 atio
357 3051 480 3112 nomine
509 3056 536 3112 te
557 3050 713 3132 appellari
740 3050 902 3116 raineris“.
932 3070 1007 3112 nam
1034 3054 1062 3113 et
1090 3051 1155 3132 ipse
1184 3049 1241 3133 (sa.
1273 3049 1373 3131 Verg.
1416 3123 1418 3126 ¹

192 3154 275 3218 Aen.
304 3152 352 3217 IV
379 3153 456 3237 567)
486 3153 549 3215 ait:
587 3154 764 3233 „sequimur
796 3156 824 3215 te
852 3157 955 3216 sancte
984 3152 1112 3215 deornm
1142 3153 1284 3235 quisquis
1312 3154 1376 3217 es“.

192 3274 224 3321 n.
246 3255 304 3321 54:
339 3253 392 3318 Uti
412 3274 472 3337 cos,
502 3258 611 3335 Aquae
634 3255 787 3335 feruentes
815 3256 877 3318 siae
905 3275 955 3318 nos
976 3253 1107 3336 Nimfas
1128 3257 1190 3318 siae
1219 3274 1280 3338 qno
1309 3255 1376 3318 atio

194 3359 318 3421 nominc
339 3358 426 3422 bottis
448 3357 610 3438 appellari.

279 3462 391 3541 Atque
422 3462 559 3525 eandem
596 3459 666 3526 fere
700 3460 822 3526 erroris
853 3459 1076 3542 exceptionem
1112 3459 1214 3525 etiam
1244 3459 1279 3524 in
1308 3459 1376 3525 Ro·

194 3581 363 3629 manorum
385 3581 533 3628 sermone
560 3562 697 3628 iuridioo
719 3563 919 3629 invenimus:

278 3665 412 3747 Emptis
433 3664 529 3747 pueri
551 3684 599 3731 vs
618 3666 638 3730 2
661 3665 782 3750 (Bruns
804 3665 913 3730 fontes
935 3664 1017 3730 iuris
1039 3663 1204 3730 Romeni⁶
1225 3683 1257 3745 p.
1280 3664 1376 3744 288):

283 3871 293 3903 ¹
309 3870 402 3924 Etiam
420 3870 450 3923 in
468 3869 579 3924 Graecis
596 3873 689 3924 eadem
706 3871 763 3925 fere
780 3870 878 3939 religio
896 3869 1005 3926 videtur
1016 3869 1107 3923 fuisse.
1143 3868 1213 3922 Nem
1227 3884 1306 3923 nemo
1324 3874 1374 3936 est,

194 3956 242 4025 qui
259 3956 364 4011 neseiat
381 3956 553 4010 notissimum
571 3956 649 4010 illum
667 3956 715 4024 qui
732 3956 834 4025 legitur
851 3955 880 4010 in
904 3955 974 4010 sotis
996 3955 1178 4022 apostolorum
1201 3954 1297 4023 locum,
1321 3969 1377 4021 quo

193 4042 297 4095 Paulus
327 4036 464 4109 apostolus
486 4042 699 4097 Atheniensibus
726 4043 792 4097 haee
814 4043 871 4096 tere
897 4041 965 4096 dicit
993 4040 1086 4110 (XVII
1109 4038 1233 4107 22seq.):
1264 4036 1377 4108 Ἄνδρα

193 4123 347 4194 Ἀθηναῖοι,
371 4128 438 4178 κατὰ
461 4125 553 4178 πάντα
577 4126 613 4179 ais
642 4124 933 4194 δεισιδαιμονεστέρους
963 4124 1031 4190 ὑμᾶς
1062 4124 1172 4194 θεωρῶ.
1202 4121 1379 4192 διερχόμενος

195 4209 248 4281 νὰρ
267 4214 311 4262 καὶ
323 4209 493 4280 ἀναθεωρῶν
510 4212 544 4263 τὰ
557 4210 717 4278 σεβάσματα
729 4210 810 4276 ὐμῶν
822 4202 904 4279 εὗρον
922 4214 966 4260 καὶ
978 4209 1078 4277 βωμὸν
1095 4210 1125 4260 ἐν
1138 4199 1160 4272 ᾧ
1173 4210 1374 4278 ἐπεγέγραπτο·

196 4295 361 4366 ἀγνώστῳ
384 4297 464 4361 θεῷ,
489 4294 523 4349 ὃν
540 4291 591 4348 οὖν
607 4295 769 4366 ἀγνοοῦντες
781 4295 923 4365 εὐσεβεῖτε,
934 4297 1034 4347 τοῦτον
1045 4296 1097 4364 tyci
1110 4290 1283 4364 καταγγέλλω
1302 4292 1376 4360 ὗμιν.
