3120 4920
186 305 234 371 72»
659 303 793 375 Georgius
810 305 898 373 Appel

187 479 230 543 de
251 476 347 543 vario
368 475 593 558 precationum
616 476 752 558 ambitu,
781 476 901 543 deinde
922 476 1101 559 videamus,
1129 496 1208 543 num
1235 477 1379 560 singula.

187 579 255 645 sint
270 579 493 661 precationum
511 597 643 662 genere,
666 586 735 644 turn
751 580 939 645 accuratius
954 597 1193 662 cognoscamus,
1208 588 1369 660 quantam

188 681 258 748 vim
280 681 499 748 attribuerint
519 680 658 747 Romani
679 682 935 763 precationibus.

200 802 202 805 ·
273 787 323 850 Ao
344 785 440 850 nobis
463 802 677 867 permagnum
706 802 875 850 numerum
897 785 1118 851 Romanarum
1140 785 1368 866 precationum

189 887 419 953 contuentibus
449 886 778 968 exquirentibusque,
816 906 914 967 quam
951 887 1080 968 amplae
1116 887 1185 953 sint
1213 887 1369 970 singulae

188 990 318 1055 deorum
335 989 570 1072 invocationes,
585 989 698 1054 statim
715 989 832 1071 ingens
847 989 979 1054 illerum
995 989 1142 1055 varietas
1158 990 1372 1070 conspicitur.-

186 1091 408 1158 Inveniuntur
429 1091 515 1157 enim
545 1110 615 1158 cum
646 1107 760 1173 preces
783 1090 903 1157 eximia
924 1091 1102 1174 brevitate,
1131 1097 1200 1157 tum
1230 1091 1370 1158 litaniae

187 1193 274 1260 mira
296 1193 513 1276 amplitudine
535 1193 692 1277 insignes,
736 1193 801 1260 Sed
827 1194 909 1259 haec
931 1195 1061 1275 quidem
1084 1193 1184 1260 facile
1207 1193 1368 1276 explicari

187 1316 283 1378 posse
311 1297 497 1380 videantur,
527 1297 556 1362 si
585 1297 691 1379 ipsam
720 1298 945 1377 precationum
976 1300 1011 1363 et
1039 1296 1200 1378 originem
1230 1302 1266 1362 et
1294 1315 1371 1378 pro·

187 1401 388 1483 gressionem
402 1419 644 1482 persequemur.
688 1402 797 1480 Atque
812 1399 973 1481 principio
988 1399 1118 1481 quidem
1134 1418 1250 1481 preces
1264 1398 1372 1467 fuisse

187 1501 401 1570 brevissimas
422 1501 488 1568 iam
505 1521 546 1568 ex
560 1521 599 1568 eo
616 1503 769 1584 intellegi
785 1508 902 1585 potest,
925 1505 1009 1583 quod
1030 1502 1264 1569 vetustissimis
1285 1507 1371 1569 tem·

189 1606 324 1687 poribus
347 1605 494 1671 homines
524 1604 628 1671 omnis
657 1604 728 1670 fere
757 1605 864 1671 cultus
895 1611 930 1670 et
958 1605 1175 1670 humanitatis
1206 1611 1369 1687 expertes,

190 1708 311 1789 quippe
333 1708 389 1788 qui
412 1707 530 1773 animis
553 1706 690 1774 incultis
716 1706 851 1790 fuerint,
880 1727 900 1774 a
931 1707 1000 1773 deis
1022 1707 1173 1773 nonnisi
1202 1727 1252 1790 ea,
1282 1727 1371 1789 quae

191 1826 273 1892 opus
296 1815 378 1893 erat,
401 1807 584 1892 poposcisse
599 1810 779 1877 verisimile
801 1816 852 1876 est
874 1812 1042 1890 verbaque
1066 1811 1171 1876 multa
1194 1811 1371 1892 sprevisse.

189 1915 371 1980 Praeterea
389 1913 529 1979 omnium
544 1914 735 1995 populorum
751 1913 785 1978 in
804 1914 896 1979 cultu
912 1913 1074 1996 simplicia
1093 1932 1165 1980 esse
1184 1913 1369 1979 vetustiora

192 2035 321 2097 semper
342 2015 412 2081 iere
426 2015 603 2081 invenitur.
646 2017 721 2081 Huc
736 2015 873 2101 accedit,
896 2018 982 2097 quod
996 2015 1260 2084 vestustissimos
1278 2015 1370 2082 illius

192 2118 496 2199 aetatisprecentes
504 2124 639 2200 putasse
647 2118 1031 2200 videnturprecationem
1039 2118 1162 2184 nullam
1170 2117 1236 2185 vim
1244 2120 1367 2184 habere

192 2220 257 2286 nisi
287 2220 359 2286 sine
388 2220 455 2285 ulla
491 2219 715 2287 haesitatione
740 2227 994 2303 nuncuparetur.
1053 2221 1118 2286 Sed
1148 2239 1211 2301 quo
1240 2220 1371 2304 longior

191 2324 323 2388 deornm
345 2323 511 2389 invocatio
534 2327 594 2404 est,
617 2342 654 2389 eo
670 2323 801 2389 facilius
816 2323 888 2389 fieri
910 2328 1029 2406 potest,
1050 2328 1090 2389 ut
1110 2324 1225 2405 lapsus
1246 2323 1372 2405 aliquis

189 2425 402 2491 interveniat.
453 2426 662 2508 Quapropter
695 2426 805 2492 nescio
840 2445 884 2492 an
913 2426 1014 2492 etiam
1051 2427 1138 2491 hanc
1166 2427 1207 2492 ob
1237 2445 1371 2492 causam

189 2528 303 2594 brevis
345 2528 495 2594 adoratio
529 2530 571 2594 ab
614 2529 681 2594 illis
714 2530 865 2594 antelata
905 2528 951 2595 sit
988 2528 1139 2610 ampliori
1177 2528 1372 2610 precationi.
1462 2615 1464 2620 .

190 2630 385 2713 Exemplum
406 2631 557 2698 brevium
570 2631 823 2697 'invocationem
845 2631 890 2698 sit
911 2651 942 2697 n.
966 2633 1022 2697 18:
1044 2631 1138 2695 Mors
1158 2631 1268 2715 oipilo3
1295 2633 1372 2697 bre·

191 2733 287 2802 vibus
309 2733 494 2816 sententiis,
524 2734 642 2815 quibus
665 2740 725 2800 aut
747 2736 832 2800 dona
855 2735 924 2800 deis
946 2734 1131 2800 offerebant
1153 2739 1213 2799 aut
1236 2735 1369 2800 deorum

190 2837 331 2902 tutelam
349 2836 572 2918 auxiliumque
587 2837 797 2920 expetebant,
819 2842 977 2918 concepta
992 2842 1069 2903 sunt
1084 2855 1185 2919 snpra
1199 2855 1229 2901 n.
1244 2839 1296 2920 47,
1311 2839 1370 2918 94;

190 2939 300 3005 Plaut.
322 2939 420 3009 Poen.
444 2939 536 3020 1181,
559 2939 657 3005 Mero.
680 2940 751 3005 834.
802 2940 957 3007 Brevium
979 2945 1089 3005 autem
1112 2958 1244 3021 precum
1265 2957 1372 3023 genus

192 3041 228 3108 iu
249 3042 368 3123 populo
398 3044 569 3108 servatum
599 3060 670 3108 esse
699 3041 943 3125 affirmaverim,
973 3041 1105 3108 etiamsi
1132 3047 1248 3124 postea
1269 3047 1370 3108 natae

191 3145 261 3212 sint
289 3144 464 3226 ampliores
493 3145 718 3224 precationum
748 3145 881 3210 formae.
932 3145 1016 3211 Nam
1046 3145 1261 3212 brevissimas
1293 3145 1371 3211 illas

192 3248 400 3330 precationes
415 3247 572 3329 simplicis
587 3246 710 3314 formae
725 3254 760 3314 et
774 3248 970 3330 sententiae,
987 3267 1071 3329 quae
1085 3247 1208 3330 passim
1223 3247 1258 3313 in
1274 3247 1372 3314 comi-

192 3370 302 3418 corum
338 3352 556 3417 Romanorum
589 3349 712 3417 fabulis
745 3351 840 3417 nobis
875 3350 1083 3434 occurrunt1,
1124 3351 1188 3416 huc
1220 3350 1372 3416 referam.

193 3454 287 3536 Quae
309 3453 410 3519 etiam
434 3472 505 3519 eam
528 3455 568 3520 ob
591 3474 659 3520 rem
681 3454 884 3520 vetustiores
906 3472 979 3519 esse
1001 3452 1164 3534 videntur,
1187 3454 1274 3533 quod
1300 3471 1371 3518 sae·

192 3555 327 3639 pissime
350 3575 390 3622 ao
411 3575 515 3638 paene
537 3556 610 3622 sine
630 3562 739 3622 mente
766 3574 805 3621 ao
826 3555 963 3638 ratione,
991 3561 1029 3621 ut
1050 3556 1219 3621 obsoletae
1242 3553 1370 3622 dicendi

112 3687 114 3693 ·
192 3659 354 3725 formulae
378 3659 607 3741 adhibeantur,
635 3659 686 3724 ita
707 3663 746 3724 ut
767 3658 992 3741 precationum
1021 3676 1084 3724 usu
1108 3657 1305 3723 detritarum
1327 3656 1370 3722 si-

192 3761 351 3827 millimae
374 3760 529 3828 evadant.

279 3864 330 3930 Ao
351 3864 586 3947 posterioribus
615 3864 817 3944 temporibus
839 3863 1072 3946 progrediente
1095 3863 1285 3945 eloquentia
1312 3861 1372 3927 im·

193 3967 349 4033 mortales
372 3986 499 4048 quoque
528 3969 703 4034 verborum
725 3966 922 4049 ambagibus
952 3965 1140 4032 artificiosis
1171 3966 1372 4049 gaudebant

191 4068 264 4134 Iam
288 4089 360 4136 oum
382 4088 514 4136 necesse
537 4074 624 4135 esset
645 4074 819 4151 precantes
844 4070 949 4135 multa
977 4067 1086 4135 facere
1115 4070 1228 4151 verba,
1257 4085 1372 4151 preca·

280 4206 398 4261 ¹Plaut.
418 4206 582 4261 Menaechm.
608 4205 672 4260 114:
695 4205 823 4275 Iuppiter
845 4221 984 4275 semema,
1008 4220 1088 4259 serua
1111 4221 1166 4274 me3
1190 4205 1283 4261 Plaut.
1300 4202 1371 4258 aad

196 4290 277 4360 12983
297 4293 405 4347 Terent.
422 4290 538 4361 Adelph.
556 4291 621 4360 486;
639 4293 723 4347 Andr.
741 4292 806 4361 4733
826 4292 896 4347 Eun.
915 4290 984 4345 1048
1001 4291 1078 4346 aliae.
