3120 4920
272 339 315 405 54
741 337 875 406 Georgius
893 338 982 405 Appel

271 509 354 592 λέγω
383 506 492 593 δὲτὴν
522 507 785 588 δεισιδαιμονίαν.
829 507 902 570 Ἐπὶ
924 519 1076 572 τοσοῦτον
1097 509 1158 591 γὰρ
1180 507 1459 596 ἒκτετραγῴδηται

270 612 325 674 καὶ
348 620 560 696 παρεισῆκται
581 621 676 674 τοῦτο
705 610 741 674 τὸ
772 615 870 692 μέρος
898 611 978 696 παρ)
1008 611 1117 687 αὐτοῖς
1138 610 1185 688 είς
1214 634 1248 674 τε
1276 614 1352 689 τοὺς
1381 614 1457 677 κατ’

270 713 357 779 ίδίαν
371 717 461 798 βίους
475 713 530 776 καὶ
544 713 584 776 τὰ
600 711 692 777 κοινὰ
702 723 755 797 τῆς
770 714 896 790 πόλεως
911 715 992 777 ὥστε
1003 713 1046 799 μὴ
1061 715 1253 778 καταλιπεῖν
1266 711 1456 801 ὑπερβολήν.

269 818 430 900 Polybius
452 819 524 899 ipse
546 818 607 883 hoc
628 818 698 882 loeo
721 818 859 883 Graecis
882 818 1029 883 ostendit
1050 819 1269 884 Romanorum
1291 820 1457 902 religione

269 921 397 986 factum
421 939 500 1002 esse,
523 926 561 985 ut
583 939 711 1001 semper
732 921 803 986 fere
824 921 987 986 haberent
1009 921 1123 986 felices
1147 927 1286 987 eventus
1308 927 1454 988 tantam·

271 1023 421 1104 quesibi
446 1030 606 1104 pararent
628 1028 835 1104 potestatem.
878 1023 1005 1089 Similia
1029 1024 1214 1090 invenimus
1229 1025 1350 1090 ceteris
1372 1025 1455 1092 loeis

271 1128 336 1192 huo
358 1127 541 1192 afferendis.
586 1127 720 1208 Dionys.
744 1127 851 1191 Halia.
873 1125 1031 1211 Ῥωμαῖκὴ
1060 1126 1282 1210 Ἀρχαιολογία
1303 1128 1339 1192 Π
1361 1129 1413 1211 27,
1433 1131 1455 1194 3

271 1234 369 1295 extr:
395 1227 461 1293 Ἵνα
493 1239 561 1305 τοῖς
589 1227 739 1312 ἀγνοοῦσι
767 1229 822 1312 τὴν
849 1228 1014 1310 Ῥωμαίων
1043 1229 1224 1310 εὐσέβειαν,
1254 1233 1293 1315 ἢν
1321 1228 1353 1292 οἱ
1382 1231 1457 1295 τότε

273 1331 384 1415 ἄνδρες
406 1330 595 1417 ἐπετήδευον
623 1330 665 1415 μὴ
691 1331 881 1416 παράδοξον
902 1326 984 1395 εἶναι
1014 1344 1101 1416 φανῇ
1123 1331 1159 1395 τὸ
1189 1335 1314 1407 πάντας
1343 1331 1457 1408 αὐτοῖς

272 1434 308 1497 τὸ
332 1434 501 1498 κάλλιστον
521 1433 632 1518 λαβεῖν
653 1434 727 1510 τοὺς
746 1434 910 1515 πολέμους
930 1434 1028 1509 τέλος.
1074 1435 1237 1498 Ἁπάντων
1258 1435 1318 1520 γὰρ
1348 1434 1457 1499 αὐτῶν

270 1537 328 1612 τὰς
358 1535 459 1622 ἀρχὰς
489 1537 544 1600 καὶ
580 1537 638 1612 τὰς
666 1534 844 1612 ὑποθέσεις
873 1537 1099 1618 εὐσεβεστάτας
1132 1539 1330 1622 φανήσονται
1357 1559 1455 1624 ποιη-

273 1641 405 1720 σάμενοι
434 1641 487 1703 καὶ
519 1638 574 1702 διὰ
601 1651 694 1703 τοῦτο
724 1639 865 1721 μάλιστα
893 1639 967 1716 τοὺς
994 1640 1093 1715 θεοὺς
1126 1640 1293 1726 ἐσχηκότες
1322 1637 1354 1704 ἐν
1383 1652 1456 1717 τοῖς

273 1741 429 1817 κινδύνοις
451 1742 597 1823 εὐμενεῖς.
641 1745 688 1809 nt
710 1745 902 1809 Athenaeus
925 1763 966 1808 ex
984 1744 1159 1809 Posidonio
1182 1745 1230 1809 VI
1245 1745 1362 1809 274Αε
1386 1747 1455 1807 Πά-

270 1869 359 1929 τριος
380 1845 441 1929 γὰρ
464 1841 500 1929 ἦν
523 1845 632 1921 αὐτοῖς
656 1846 709 1929 (so.
732 1845 926 1931 Ῥωμαίοις),
956 1847 1001 1922 ὥς
1024 1867 1104 1932 φησι
1125 1845 1346 1928 Ποσειδώνιος,
1377 1869 1454 1930 καρ-

271 1952 361 2033 τερία
383 1948 438 2011 καί
457 1949 526 2034 λιτὴ
548 1947 666 2026 δίαιτα,
688 1949 743 2011 καὶ
758 1960 820 2011 τῶν
839 1948 941 2012 ἄλλων
954 1961 1015 2011 τῶν
1029 1949 1113 2032 πρὸς
1133 1949 1190 2035 τὴν
1203 1958 1310 2033 κτῆσιν
1332 1948 1456 2035 ἀφελὴς

272 2051 326 2115 καὶ
350 2051 551 2136 ἀπερίεργος,
574 2048 622 2114 ἔτι
645 2049 680 2114 δὲ
695 2051 837 2132 εὐσέβεια
858 2050 918 2132 μὲν
932 2052 1102 2136 θαυμαστὴ
1124 2052 1201 2136 περὶ
1215 2051 1251 2114 τὸ
1274 2051 1453 2133 δαιμόνιον.

357 2155 470 2235 Neque
498 2156 601 2220 solum
625 2155 745 2220 Graeci
775 2157 833 2220 sed
863 2155 964 2220 etiam
994 2155 1135 2220 Romani
1164 2156 1227 2236 ipsi
1257 2156 1453 2238 religionem

272 2279 365 2326 suam
402 2260 490 2323 haud
526 2277 602 2322 raro
631 2258 786 2324 laudibus
816 2259 965 2323 efferunt.
1024 2258 1200 2324 Sallustius
1231 2259 1301 2324 Cat.
1332 2259 1403 2324 XII
1432 2261 1455 2324 3

271 2363 497 2442 Romanorum,
527 2361 583 2440 qui
606 2366 685 2425 tune
714 2361 883 2442 vivebant,
912 2361 1052 2425 maiores
1080 2366 1179 2426 vocat
1208 2362 1456 2444 reliyiosissimas

273 2465 423 2529 mortales.
467 2464 618 2530 naneae
641 2464 771 2544 quidem
794 2465 897 2529 verba
919 2463 1076 2530 videntur
1105 2483 1254 2529 manasse
1278 2483 1317 2528 ex
1340 2466 1453 2530 eodem

271 2568 445 2634 Posidonio
474 2570 566 2633 modo
598 2572 861 2647 commemorato,
899 2585 994 2646 quem
1025 2566 1202 2631 Sallustius
1232 2567 1267 2631 in
1298 2567 1454 2650 exordiiS,

271 2673 356 2752 quod
378 2671 501 2736 attinet
524 2672 566 2735 ad
588 2670 760 2735 materiam
783 2669 1045 2750 philosophicam,
1072 2670 1264 2750 plerumque
1291 2669 1453 2735 adhibere

187 2796 197 2815 r
269 2775 355 2840 solet
366 2773 387 2839 1.
432 2773 545 2838 Cicero
569 2775 609 2838 de
625 2775 709 2838 deor.
725 2778 793 2838 nat.
808 2773 843 2837 II
858 2775 878 2838 8
894 2791 935 2838 ex
952 2772 1060 2837 Caelio
1077 2772 1256 2853 Antipatre
1275 2773 1357 2837 haee
1379 2771 1453 2839 fere

271 2879 312 2942 de
334 2878 552 2942 Romanorum
575 2894 654 2959 erga
677 2877 753 2941 deos
770 2874 895 2956 pietate
911 2875 1003 2940 nobis
1020 2875 1132 2939 tradit.
1177 2874 1208 2940 O.
1231 2874 1455 2939 Flamininum

272 2979 391 3043 Coelius
412 2979 560 3062 reliyioue
582 2979 716 3058 meyleelu
736 2977 877 3041 recidisse
898 2977 986 3058 apuli
1001 2978 1231 3041 Trasumenum
1253 2979 1360 3041 scribit
1381 2999 1453 3042 eum

271 3103 384 3166 maymo
406 3082 611 3162 reipublicae
633 3081 770 3144 uoluere:
791 3100 924 3160 quorum
946 3082 1038 3144 exitio
1060 3081 1194 3164 iutelleyi
1213 3086 1316 3162 polest,
1345 3101 1454 3144 eorum

270 3186 411 3265 imperiis
432 3204 497 3246 rem
514 3182 672 3266 publicam
699 3181 929 3264 amplificatum,
960 3185 1016 3267 qui
1044 3183 1247 3266 reliqioaibus
1265 3185 1454 3263 paruissent.

271 3287 314 3351 El
334 3289 364 3350 si
377 3287 672 3366 couferrerolumue
691 3293 797 3349 mostra
812 3306 882 3348 eum
897 3288 1039 3369 exterma,
1062 3288 1165 3349 celeris
1180 3287 1270 3349 relus
1291 3292 1455 3367 arriperes

272 3396 328 3454 aui
343 3391 507 3472 inferiores
529 3391 727 3472 reperiemur,
750 3389 905 3472 reliquae,
928 3389 961 3451 iel
976 3396 1020 3452 esi
1040 3389 1135 3472 cultu,
1158 3389 1254 3452 urulio
1272 3391 1454 3469 saper-iores.

271 3495 335 3560 Sed
358 3492 507 3558 conferas
531 3491 639 3576 etiam,
667 3511 750 3572 quae
780 3492 886 3557 altero
910 3494 1049 3572 quodam
1072 3493 1216 3557 eiusdem
1247 3493 1354 3574 operis
1382 3493 1454 3558 loeo

270 3595 486 3662 inveniuntur
512 3595 578 3679 (ΙΙΙ
601 3594 649 3678 5);
681 3594 819 3678 Mihique
847 3597 892 3657 ι’το
920 3597 1064 3674 persuasi
1093 3595 1266 3658 Romulum
1297 3597 1452 3676 aruspicia,

271 3699 411 3762 Numam
441 3700 542 3762 saeris
577 3699 747 3761 constitutis
781 3697 991 3778 fumariameala
1023 3699 1127 3761 iecisse
1156 3704 1278 3760 uestrae
1312 3699 1453 3780 ciuitatis,

271 3821 349 3886 quae
361 3821 533 3884 numquam
544 3800 680 3880 profecto
692 3802 760 3864 siue
771 3820 895 3864 summu
901 3801 1077 3882 placatione
1087 3801 1216 3864 deorum
1228 3801 1452 3864 immortalium

270 3909 360 3967 larua
374 3924 437 3967 esse
455 3906 613 3984 patuisset.
658 3903 807 3985 Itemque
823 3903 934 3968 Cicero
950 3904 1239 3985 deharusp.1·esp.
1258 3905 1313 3969 19:
1331 3904 1452 3966 Tamen

271 4028 326 4070 uec
357 4026 485 4070 nurnero
514 4005 678 4088 Hispanos
707 4027 759 4069 aee
789 4005 896 4069 robore
927 4004 1034 4069 Gallae
1063 4056 1167 4088 ....‚
1196 4005 1250 4069 seri
1273 4009 1387 4088 pietate
1416 4026 1453 4070 ue

271 4109 417 4190 reliyioue
447 4115 537 4189 alque
558 4108 616 4171 lzae
638 4130 704 4171 uua
731 4109 893 4193 sapientia,
925 4108 1008 4192 queri
1036 4107 1162 4172 deorum
1193 4111 1321 4172 aurulae
1348 4110 1453 4172 omniu

360 4245 415 4298 ¹0.
441 4245 621 4299 Wuchsmuth
645 4243 811 4314 Eleleiluua
835 4243 866 4297 iu
890 4243 940 4298 cias
958 4243 1089 4298 Studium
1113 4244 1161 4298 cler
1185 4244 1260 4299 aliea
1287 4242 1452 4311 Gerelelelrle,

271 4332 344 4400 Lips.
364 4330 431 4385 1895
449 4347 474 4398 p.
492 4330 552 4384 665.
