3120 4920
254 281 297 369 ³98
725 298 859 370 Georgius
876 301 966 369 Appel

252 451 381 540 hetae
411 460 518 548 (ovio.
546 472 617 539 nis
641 473 710 558 72),
740 466 856 539 Pietas
886 464 984 556 (scat.
1013 472 1093 539 suv.
1124 473 1177 539 111
1193 472 1229 557 a,
1253 475 1302 560 1);
1332 475 1441 540 soma

257 571 392 661 (Lucan.
414 576 529 642 Phars,
551 577 569 642 I
592 567 1024 661 199);'Silvanus(Ancn01.
1048 576 1159 642 Latin.
1182 577 1217 642 H
1242 576 1291 660 19,
1306 578 1349 662 2).

341 680 414 746 Huc
436 679 604 761 pertinere
633 679 766 745 videtur
787 699 927 760 supreme
950 690 1078 760 quoque
1100 672 1286 764 epitheton,
1316 680 1440 762 quippe

255 786 340 864 quod
363 783 482 848 similia
515 781 680 865 significet
710 788 810 863 atque
840 783 1011 863 epitheton
1042 786 1169 848 salome.
1220 784 1270 849 Ac
1299 784 1372 851 Iovi
1401 784 1437 849 in

255 886 468 968 testimoniis,
498 904 583 966 quae
615 885 816 968 invenimuS,
853 885 1067 952 attribuitur:
1097 886 1204 952 Plaut.
1235 887 1328 968 Capt.
1357 889 1440 969 976,-

256 991 341 1055 Men.
366 991 457 1054 1114.

339 1092 520 1157 Praeterea
548 1092 609 1158 hoc
638 1092 708 1158 loco
736 1111 854 1173 ponam
890 1092 1049 1158 nonnulla
1087 1092 1155 1157 alia
1188 1091 1332 1157 eiusdem
1364 1091 1439 1157 fere

252 1195 385 1277 generis
419 1195 576 1275 exempla.
638 1198 688 1260 Ac
719 1196 859 1276 primum
896 1195 1027 1275 quidem
1065 1194 1230 1276 proferam
1266 1193 1437 1275 epitheton

255 1302 386 1380 aeterne,
400 1316 463 1378 quo
478 1297 645 1379 vocabulo,
668 1317 738 1363 cum
756 1300 888 1363 deorum
905 1298 1088 1363 aeternitas
1105 1297 1177 1363 sive
1199 1297 1441 1364 immortalitas

254 1401 447 1483 celebretur,
469 1407 643 1482 precantes
666 1401 801 1466 numina
823 1400 887 1466 sibi
910 1399 1088 1466 conciliare
1110 1400 1236 1466 volunt.

341 1505 485 1568 Aetermc:
514 1503 568 1569 Sol
599 1503 774 1588 (Ausonius
804 1504 858 1568 ΙΠ
887 1503 959 1592 6,3
982 1501 1132 1587 Peiper);
1165 1507 1306 1568 aeterna:
1330 1503 1441 1569 Terra

255 1606 354 1690 (Stat.
376 1607 478 1672 Theb.
500 1607 697 1690 V111303);
720 1607 801 1672 Iuno
824 1606 920 1690 (Stat.
944 1605 1024 1671 Silv.
1047 1606 1076 1670 V
1099 1607 1129 1688 3,
1152 1606 1238 1690 276).

263 1795 265 1799 Ι
340 1709 496 1774 Fortasse
518 1709 552 1772 hi
574 1713 691 1789 poetae
719 1711 966 1774 transtulerunt
988 1708 1023 1773 in
1045 1707 1130 1790 illos,
1161 1727 1241 1788 quos
1270 1708 1335 1790 ipsi
1362 1728 1440 1791 pre·

255 1813 425 1893 cabantur,
456 1813 532 1880 deos
558 1812 644 1876 idem
666 1818 786 1874 aeterne
814 1830 1000 1894 cognomen,
1031 1813 1116 1893 quod
1146 1830 1274 1893 semper
1304 1812 1436 1892 quidem

254 1915 288 1979 in
312 1915 403 1980 cultu
426 1915 558 1979 dearum
582 1915 750 1980 Fortunae
779 1915 894 1980 Lunae
917 1915 1016 1980 Pacis
1037 1915 1163 1980 Romae
1185 1915 1354 1981 Victoriae
1378 1917 1438 1980 ad-

254 2016 396 2082 hibetur.
441 2017 487 2082 cf.
509 2018 540 2082 J.
559 2017 595 2081 B.
620 2017 737 2082 Carter
759 2017 809 2080 De
822 2017 951 2080 deorum
966 2016 1179 2080 Romanorum
1203 2017 1442 2101 copnomtatbus

240 2121 342 2186 ‘Diss
364 2121 440 2186 Hal.
464 2121 547 2186 1898
569 2141 600 2202 p.
623 2122 674 2186 36.

341 2223 520 2289 Veniamus
531 2225 574 2288 ad
586 2224 755 2304 epitheton
769 2225 890 2306 incluto,
906 2243 968 2304 quo
981 2225 1051 2289 deis
1063 2223 1292 2290 blandimenta
1304 2224 1442 2306 dantur,

255 2336 327 2392 cum
349 2327 504 2391 laudetur
526 2344 635 2391 eorum
658 2326 820 2392 claritudo
842 2327 1064 2407 nobilitasque
1080 2328 1101 2393 ¹.
1152 2329 1263 2407 Atque
1285 2325 1338 2390 his
1366 2325 1442 2392 fere-

255 2428 324 2495 deis
350 2429 561 2494 attribuitur:

340 2533 445 2597 Marti
474 2533 586 2616 (Verg.
616 2533 696 2598 Aen.
726 2533 795 2597 XII
826 2533 913 2618 180);
951 2532 1087 2599 Silvano
1117 2533 1262 2618 (Anthol.
1292 2532 1369 2597 Lat.
1400 2532 1437 2597 ΙΙ

255 2637 326 2718 250,
349 2635 417 2721 13);
440 2636 611 2702 Minervae
638 2635 761 2718 (Senec.
788 2637 904 2719 Agam.
925 2637 1017 2721 369);
1040 2636 1189 2718 Apollini
1211 2635 1310 2720 (Stat.
1333 2634 1441 2700 Theb„

254 2739 302 2805 VI
325 2740 403 2820 2963
427 2739 559 2804 Anthol.
583 2739 692 2804 Latin.
716 2738 734 2802 Ι
756 2740 827 2822 881,
852 2741 867 2803 1
893 2739 914 2823 ).
1196 2730 1200 2738 ’

340 2841 407 2906 Sub
439 2844 551 2906 eodem
589 2848 726 2922 aspectu
755 2846 806 2906 est
836 2843 1021 2922 ponendum
1052 2842 1223 2923 epitheton
1253 2840 1343 2920 clarc,
1372 2857 1441 2920 quo

254 2944 400 3025 praediti
422 2950 499 3008 sunt
522 2943 556 3008 hi
578 2944 649 3009 fere
673 2944 741 3009 dei:

253 3136 274 3214 4
340 3046 523 3111 Mercurius
553 3045 661 3130 (Ovid.
683 3046 759 3111 fast.
783 3047 812 3112 V
834 3047 924 3131 663);
956 3047 1073 3128 Apollo
1096 3046 1220 3132 (Senec.
1243 3044 1339 3110 Herc.
1363 3041 1441 3110 Oet..

340 3250 483 3317 Maxime
505 3249 697 3317 blandiendi
712 3251 807 3316 finem
823 3253 965 3332 produnt
980 3248 1141 3332 epitheta,
1165 3250 1283 3331 quibus
1300 3251 1438 3315 deorum

252 3361 411 3421 venustas
440 3353 609 3436 formaque
639 3353 858 3436 praedicatur.
910 3352 1038 3438 Quibus
1069 3353 1241 3421 vocabulis
1261 3357 1441 3435 precantes

254 3457 397 3523 blanditi
420 3455 559 3539 sperant
582 3459 659 3523 deos
681 3453 831 3538 precibus
854 3457 964 3538 potius
987 3458 1273 3539 obtemperaturos
1296 3472 1376 3521 esse.

339 3558 413 3626 Huc
435 3566 586 3642 spectant
608 3561 689 3625 haec
712 3557 781 3624 fere
804 3562 916 3626 verba.
952 3559 1124 3626 Formosa:
1154 3559 1265 3624 Venus
1286 3557 1439 3642 (Anthoh

171 3652 173 3656 ’
252 3661 361 3728 Latin.
384 3664 401 3727 I
423 3664 473 3744 24,
498 3662 544 3746 1);
566 3660 711 3727 candide:
732 3662 835 3728 Liber
857 3662 989 3746 (Tibull.
1006 3682 1029 3728 s.
1052 3662 1159 3745 Lygd.
1174 3661 1227 3727 Ill
1250 3661 1337 3745 6,1),
1360 3679 1434 3724 can·

238 3765 343 3847 ,dmm
367 3766 544 3831 Concordia
560 3764 718 3848 (Martial.
735 3765 843 3847 epigr.
858 3765 906 3830 IV
923 3767 972 3848 13,
989 3768 1036 3850 7);
1059 3771 1157 3830 tener:
1180 3762 1284 3830 Liber
1299 3760 1434 3847 (Tibull.

253 3868 432 3952 113,63);
463 3869 549 3933 leals:
580 3868 696 3948 Apollo
719 3868 845 3953 (Horat.
868 3886 966 3933 carm.
988 3869 1036 3934 IV
1058 3870 1087 3951 6,
1110 3868 1180 3952 28),
1211 3865 1325 3947 lepide:
1348 3866 1435 3948 Nep·

253 3976 353 4036 tunus
376 3971 497 4050 (Plaut.
520 3971 603 4035 Rud.
620 3971 711 4055 358),
733 3970 863 4035 blanda:
887 3972 997 4036 Venus
1020 3969 1127 4055 (ovid.
1143 3988 1242 4034 amor.
1258 3968 1311 4034 ΙΠ
1327 3969 1355 4052 2,
1371 3967 1446 4053 55)ι

344 4122 352 4152 ¹
371 4122 462 4177 Simile
481 4124 621 4191 epitheton
641 4124 723 4178 etiam
744 4124 772 4178 in
792 4123 901 4178 Graecis
919 4123 1119 4191 precationibus
1143 4122 1292 4178 invenitur.
1329 4106 1437 4175 Kettos

253 4206 445 4276 'Ervooc'ymoet
475 4209 584 4264 Homer.
610 4210 675 4263 Ilias
705 4210 731 4263 X
754 4209 819 4278 3623
852 4209 948 4276 Odyss.
973 4211 998 4265 V
1022 4208 1087 4277 4233
1119 4204 1213 4261 κλυτὸς
1239 4203 1334 4276 Ἑρμᾶς
1356 4207 1446 4262 Pind..

252 4293 339 4361 Pyth.
359 4294 400 4347 IX
419 4294 476 4349 104.
