3120 4920
551 307 591 360 De
609 306 791 362 Romanorum
815 305 1012 374 precationibus
1328 309 1371 376 55

189 477 258 556 reqi
276 475 507 560 pubernarique
528 479 750 560 perspeximus,
780 496 883 541 omrres
902 480 1005 562 qentis
1030 480 1226 560 nationesque
1244 499 1371 563 supera·

190 581 299 644 mmus.
342 579 460 646 Livius
482 580 594 644 XLIV
618 581 646 661 1,
669 581 725 645 11:
747 580 865 643 Favere
894 581 976 644 enim
1005 583 1113 663 pietati
1138 580 1270 667 fideique
1291 583 1371 667 deas,

187 702 245 765 per
266 702 346 766 quae
373 684 508 766 populus
529 682 692 746 Romanus
719 683 906 746 adtentum
927 684 1052 765 fastipii
1073 686 1197 750 uenerit.
1240 685 1370 752 Plinius

190 804 307 868 paneg.
323 785 354 850 I:
377 785 464 848 Bene
479 805 516 848 ac
530 788 692 869 sapienter,
713 792 817 866 patres
831 788 1003 870 conscripti,
1019 788 1153 851 maiores
1162 789 1373 864 ‘instituerunt

189 895 354 951 adrerum
376 888 571 973 apendarnm
600 890 646 951 ita
667 888 790 952 dicendi
811 890 936 953 initium
966 911 985 952 a
1008 890 1236 970 precationibus
1256 911 1370 975 capere,

189 986 273 1075 quod
302 991 382 1055 mitrii
419 993 477 1054 rite
503 990 642 1074 nihilque
669 991 862 1074 prouidenter
889 991 1028 1055 homines
1061 994 1127 1056 sine
1156 993 1283 1056 deorum
1312 996 1369 1058 im·

189 1095 370 1158 mortalium
391 1114 445 1174 ope
467 1095 593 1157 consitio
622 1093 735 1158 bonore
761 1096 1007 1178 auspicarentur.
1050 1094 1225 1177 Reliquum
1245 1101 1309 1180 est,
1332 1102 1371 1163 ut

190 1197 292 1263 Gellii
308 1197 412 1263 locum
428 1197 521 1262 Nost.
541 1196 796 1278 Α1111.ΙΙ28,2
812 1215 1070 1263 commemorem:
1100 1189 1220 1263 Veteres
1233 1199 1372 1264 Romani

162 1357 166 1364 .
188 1319 260 1362 cum
274 1301 310 1362 in
325 1299 467 1362 omnibns
480 1299 555 1362 aliis
571 1301 649 1362 citae
663 1297 776 1381 officiis
798 1305 863 1363 tum
879 1302 913 1363 iu
929 1301 1151 1364 constituendis
1171 1302 1370 1383 redipimribus

188 1408 280 1486 atque
308 1404 342 1466 in
373 1403 423 1466 dis
457 1402 684 1466 irnnrortatibus
718 1402 1000 1467 animadvertendis
1028 1405 1191 1468 castissimi
1226 1407 1369 1470 cautissi-

190 1509 300 1586 mique.
334 1508 383 1571 Aa
398 1505 545 1586 profecto
561 1505 612 1570 his
627 1505 822 1587 scriptorum
838 1511 873 1571 et
888 1506 1086 1572 Graecorum
1101 1511 1136 1572 et
1151 1507 1369 1574 Romanorum

189 1608 270 1674 locis
292 1609 414 1690 optime
436 1609 634 1691 illustratur,
664 1608 772 1689 qualis
802 1615 836 1675 et
865 1614 990 1689 quanta
1019 1609 1236 1675 Romanorum
1267 1609 1370 1677 fuerit

188 1713 231 1777 de
255 1713 353 1777 rebus
378 1711 499 1778 divinis
516 1711 674 1794 cogitatio
697 1731 735 1778 ac
751 1713 958 1777 consuetudo.
1002 1713 1094 1794 Nam,
1117 1714 1201 1793 quod
1222 1713 1257 1778 in
1279 1713 1369 1781 nullo

189 1814 255 1880 alio
278 1815 396 1896 populo
413 1815 596 1896 parimodo
618 1813 796 1897 invenitur,
820 1815 1037 1880 Romanorum
1052 1816 1126 1882 vita
1142 1835 1213 1881 cum
1236 1817 1369 1898 pubbca

188 1923 258 1983 tum
282 1917 415 1998 privata
431 1937 559 1998 semper
580 1917 651 1984 sive
673 1917 781 1983 officia
803 1937 899 1984 sacra
914 1917 985 1984 sive
1008 1919 1234 1984 institutiones
1256 1937 1369 1985 sacras

188 2021 380 2104 attingebat
405 2039 597 2101 semperque
619 2039 660 2085 ex
681 2022 814 2086 deorum
836 2023 999 2087 haerebat
1024 2021 1164 2086 numine.

277 2125 387 2204 Atque
410 2123 494 2188 nihil
525 2123 590 2188 nisi
621 2123 691 2189 deis
722 2122 914 2189 faventibus
944 2124 1131 2190 volentibus
1160 2124 1368 2191 iuvantibus·

187 2245 252 2308 que
276 2227 332 2308 agi
353 2245 475 2306 suoque
498 2230 590 2292 statu
620 2226 808 2293 conservari
840 2245 934 2308 posse
956 2227 1096 2292 Romani
1118 2246 1199 2308 erga
1222 2229 1299 2293 deos
1321 2227 1369 2308 pii

188 2331 379 2395 credebant.
430 2329 562 2394 Sueten.
592 2329 702 2396 Galba
732 2331 787 2396 10:
817 2332 933 2393 iustam
958 2331 1110 2414 piumque
1138 2337 1165 2394 et
1193 2329 1369 2411 fauentibus

188 2433 252 2496 diis
274 2432 383 2495 bellum
400 2434 522 2515 suscipi.
566 2432 683 2498 Livius
705 2433 859 2498 XXXIX
876 2434 924 2516 16,
942 2434 998 2498 11;
1021 2435 1124 2496 omnia
1146 2432 1207 2496 diis
1227 2435 1369 2516 propitiis

188 2535 415 2618 volentibusque
437 2555 474 2597 ea
494 2535 654 2615 faciemus.
698 2535 807 2600 Plaut.
829 2535 932 2600 Persa
955 2536 1032 2601 332:
1063 2534 1193 2619 Sequere
1213 2534 1278 2614 itae,
1301 2554 1368 2598 mea

186 2643 294 2719 puoto,
317 2658 365 2701 me
385 2657 454 2700 eum
477 2637 543 2701 deis
567 2637 751 2719 nolenttbus
782 2637 822 2703 cf.
845 2638 926 2703 Cato
950 2640 989 2703 de
1011 2638 1113 2720 agric.
1144 2640 1214 2704 141.
1258 2638 1368 2706 Plaut.

190 2742 324 2807 Paenul.
346 2741 425 2806 910:
461 2741 544 2820 Quin
566 2740 663 2804 herde
685 2741 868 2805 conlibertus
889 2761 975 2805 urens
1001 2741 1079 2821 saec
1101 2745 1135 2804 tu
1158 2742 1229 2824 ern's,
1250 2742 1296 2804 sei
1315 2740 1368 2805 dei

188 2845 301 2925 cotent3
332 2842 372 2909 ct.
403 2843 515 2909 Cicero
545 2843 580 2909 in
606 2844 698 2910 Verr.
721 2844 853 2910 Aetli
881 2844 937 2910 lib.
959 2844 1013 2910 ΙΙΙ
1037 2845 1108 2910 157.
1158 2844 1267 2910 Plaut.
1297 2842 1366 2909 Mil.

188 2947 277 3013 Glor.
308 2948 407 3013 1351:
436 2947 534 3030 Apim,
567 2949 607 3010 ite
636 2967 706 3010 err-m
727 2946 776 3010 dis
809 2947 880 3010 bene
908 2945 1083 3012 ouantibus.
1135 2945 1269 3012 Sallust.
1294 2946 1366 3030 Iug.

189 3050 351 3115 LXXXV
376 3051 434 3115 48:
467 3048 512 3112 Et
536 3050 674 3132 profecto
702 3050 753 3114 dis
788 3050 967 3114 iuvantibus
995 3051 1101 3113 omnia
1131 3055 1257 3112 matura
1284 3056 1366 3132 sunt,

187 3155 314 3216 uictoria
348 3152 468 3236 praeda
507 3153 584 3218 iaus.
647 3152 694 3218 Oi.
724 3152 837 3219 Cicero
874 3155 914 3218 de
944 3153 1009 3219 div.
1040 3153 1106 3218 VII
1132 3153 1189 3235 20,
1219 3154 1254 3233 2;
1292 3152 1365 3220 niv.

189 3255 255 3320 VH
278 3257 327 3337 10,
350 3257 385 3337 4;
408 3256 540 3321 XXXV
560 3257 684 3338 32,10;
708 3256 904 3326 Frontoed.
927 3256 1010 3322 Nab.
1032 3275 1062 3337 p.
1085 3257 1126 3321 88
1149 3258 1192 3320 ad
1215 3257 1258 3321 Μ.
1275 3255 1366 3322 Caes.

188 3358 243 3441 (ad
273 3359 393 3424 Antan.
423 3357 497 3440 imp.
527 3364 562 3425 et
590 3358 699 3443 invio.)
734 3360 837 3441 V41,
868 3360 938 3425 101.
968 3357 1082 3423 Cicero
1112 3360 1153 3423 de
1182 3362 1248 3423 nat.
1279 3359 1366 3424 deor.

125 3456 138 3483 ²
188 3461 324 3527 11165:
353 3460 516 3525 Neminem
539 3463 603 3525 misi
622 3463 748 3525 iuuante
777 3462 831 3525 deo
860 3461 950 3525 tatem
979 3461 1079 3541 fuisse
1108 3460 1292 3524 credendum
1314 3467 1367 3526 est.

188 3563 312 3629 Fronto
346 3565 395 3629 ed.
422 3564 504 3630 Nab.
533 3583 563 3646 p.
585 3565 649 3630 200
680 3565 999 3648 (adamis.1110):
1029 3565 1059 3627 si
1086 3563 1121 3626 di
1141 3563 1270 3628 canalia
1300 3582 1366 3626 mea

187 3668 329 3731 iuverint.
389 3666 523 3733 Sallust.
561 3673 644 3734 orat.
675 3673 709 3733 et
739 3668 834 3750 epist.
864 3687 905 3733 ex
937 3666 1014 3733 hist.
1043 3666 1061 3731 I
1088 3668 1129 3731 27
1161 3669 1210 3732 ed.
1240 3667 1367 3733 Jordan

188 3788 219 3850 p.
236 3770 313 3834 113:
336 3768 379 3833 m
394 3769 465 3832 bene
485 3769 661 3834 iuuantibus
683 3770 764 3834 diois
784 3770 832 3836 M.
851 3769 1020 3834 Aemilium
1043 3769 1196 3833 eonsuiem
1217 3768 1369 3832 ducemet

186 3879 341 3935 auctorem
356 3874 531 3956 sequimini.
561 3872 609 3939 af.
624 3873 697 3938 Liv.
712 3873 761 3940 VI
776 3875 896 3955 23,11;
911 3873 997 3938 XXI
1013 3875 1062 3954 21,
1078 3873 1114 3953 6;
1130 3871 1228 3938 XXV
1243 3873 1293 3953 38,
1309 3871 1367 3952 22;

188 3974 304 4040 XXVI
334 3975 385 4057 36,
407 3976 442 4056 9;
472 3975 624 4042 XXVIII
653 3977 783 4059 32,12;
813 3977 933 4042 XXIX
964 3978 1014 4058 24,
1045 3978 1080 4056 7;
1109 3974 1229 4040 ΧΧΧΙ
1260 3975 1368 4056 7,14;

188 4077 341 4142 XXXXI
363 4078 413 4160 51,
438 4080 472 4160 1;
495 4079 680 4144 XXXXIV
703 4080 753 4155 38,
776 4081 811 4160 7,
833 4077 960 4145 Gellius
984 4079 1076 4145 Nost.
1098 4078 1169 4143 Att.
1191 4076 1295 4158 praet.
1317 4075 1369 4141 24.

187 4178 345 4246 Fortasse
360 4181 454 4246 nobis
470 4181 530 4247 hoc
545 4181 614 4248 loco
629 4181 729 4248 liccat
744 4183 863 4248 afferre
885 4179 1135 4262 inscriptionem
1151 4178 1369 4261 sepulcralem

188 4281 274 4365 (CIL
285 4283 303 4348 I
314 4284 377 4350 623
389 4312 432 4338 =
443 4283 497 4348 III
508 4284 593 4368 582),
606 4303 671 4366 qua
686 4285 852 4350 Romanus
865 4283 997 4366 quidam
1010 4285 1240 4349 commemorat
1250 4298 1371 4362 semper
