3120 4920
261 294 305 359 74
733 290 868 361 Georgius
885 290 974 359 Appel

260 462 345 545 ipsis
378 461 623 545 precationibus
652 461 867 546 indicaretur,
896 461 1146 544 suscipiendam.
1204 463 1315 543 Atque
1352 463 1442 530 haud

261 565 364 643 multo
378 565 469 631 infra
484 564 623 647 Plinius,
644 571 683 631 nt
697 565 923 648 precationum
938 565 1003 633 vim
1019 565 1110 632 illam
1125 565 1221 632 nobis
1237 568 1442 637 demonstret

260 667 428 752 exemplis,
451 685 535 748 quae
557 667 663 750 ipsius
685 667 889 750 temporibus
910 668 1115 751 accidebant,
1141 669 1223 735 haec
1244 667 1315 735 fere
1335 668 1442 735 trabit

260 771 294 856 (l.
315 771 337 836 l.
361 771 485 856 l2sq.):
515 769 634 834 Boario
655 789 724 834 uero
741 772 778 834 in
797 770 871 851 foro
893 769 1049 835 &aarum
1071 770 1283 855 Graecumque
1304 771 1442 852 defossos

260 877 318 949 eut
346 873 484 938 alibrum
511 875 660 956 pontium,
689 889 759 937 cum
782 873 896 957 quibus
925 880 990 937 tum
1018 893 1068 938 res
1096 871 1180 956 esse't,
1210 875 1304 938 etiarn
1333 880 1441 938 nostra

260 983 346 1041 aetus
367 975 452 1044 er'dit.
496 975 595 1042 Gaius
614 978 701 1040 sueri
716 977 933 1060 precationem,
956 997 1019 1060 qua
1033 976 1108 1041 solet
1125 978 1252 1058 praeire
1272 975 1311 1040 X
1314 976 1442 1041 Voirurn

259 1079 378 1160 eollepii
399 1080 555 1164 munietur,
583 1080 614 1143 si
634 1080 705 1162 quus
731 1080 818 1163 leuat,
846 1079 984 1162 profecto
1005 1080 1067 1143 uim
1095 1081 1273 1143 carminum
1297 1080 1442 1160 fateatur

260 1183 368 1246 meniu
381 1203 417 1246 eu
431 1180 676 1264 adprobantibus
689 1180 906 1247 DOCOXXX
918 1201 1077 1245 annorum
1098 1181 1257 1248 eventibus.
1307 1180 1442 1264 Vestales

260 1290 386 1349 neurus
405 1283 495 1349 bodie
517 1285 671 1349 credimus
692 1285 833 1350 nondum
862 1305 986 1367 opressa
1014 1284 1089 1349 rrrbe
1117 1286 1276 1366 neunmpia
1303 1285 1441 1368 supitiuu

260 1389 392 1452 rainere
419 1389 456 1452 in
486 1389 549 1453 ioco
576 1389 757 1473 precatione,
785 1408 857 1452 cerm
885 1389 914 1452 si
935 1388 1027 1453 semei
1047 1389 1219 1470 recipiatur
1238 1408 1274 1452 eu
1302 1390 1385 1452 ratio
1414 1393 1441 1452 et

262 1489 335 1554 deos
352 1511 460 1572 preces
480 1491 606 1574 aliquas
626 1490 775 1554 exaudire
796 1495 852 1554 aut
871 1490 948 1555 ullis
969 1491 1085 1554 moueri
1112 1490 1212 1555 uerbis
1232 1488 1440 1572 conflandum

259 1595 301 1656 sit
320 1592 359 1658 de
379 1600 443 1657 totu
463 1595 680 1657 coniectatione
685 1615 697 1676 ,·
717 1595 817 1677 prosu
838 1593 962 1677 quibem
981 1595 1083 1657 nostri
1101 1599 1247 1675 pupetuo
1268 1593 1347 1658 talea
1366 1613 1439 1674 pro·

261 1696 361 1768 meiere
382 1695 666 1780 difficillimumque
694 1717 731 1760 eu
755 1695 805 1760 bis
831 1696 972 1778 fulmina
1002 1696 1079 1779 elici,
1110 1703 1145 1759 ut
1166 1715 1223 1760 suo
1253 1695 1315 1760 loco
1342 1695 1441 1781 (Plin.

260 1797 297 1874 Π
319 1799 393 1884 140)
415 1799 585 1865 docuimus.
636 1800 686 1864 Ac
714 1798 744 1864 si
772 1798 960 1865 accuratius
989 1801 1076 1864 hunc
1097 1798 1201 1864 Plinii
1230 1800 1336 1864 locum
1366 1817 1440 1864 eon·

260 1901 526 1984 siderarerimns,
548 1901 645 1968 facile
667 1901 896 1983 intellegemus
927 1901 984 1983 agi
1014 1903 1055 1967 de
1076 1900 1213 1984 magicis
1242 1901 1440 1982 quibusdam

260 2004 554 2086 superstitionibus
586 2005 717 2086 vimque
746 2005 838 2070 illam
870 2004 1096 2086 precationum
1125 2004 1328 2087 singularem
1367 2022 1440 2070 esse

260 2106 329 2174 vim
351 2108 521 2189 magicam.
566 2107 648 2173 Nam
678 2107 757 2173 illae
778 2107 960 2174 Vestalium
989 2107 1198 2189 precationes
1228 2106 1442 2173 continentur

260 2209 341 2276 diris
362 2209 563 2276 carminibus
585 2209 730 2293 magicis,
752 2209 869 2290 quibus
884 2211 1040 2292 munupiu
1054 2210 1189 2291 supitiau
1211 2208 1352 2273 nondum
1367 2209 1443 2274 urbe

259 2332 381 2397 opressa
392 2313 470 2396 loco,
482 2312 677 2393 ubicumque
688 2317 874 2394 versantur,
885 2312 1067 2378 immobiles
1082 2311 1284 2395 defigentem
1299 2311 1441 2378 fulmina
1474 2307 1477 2312 ’

260 2415 437 2482 eliciuntur
457 2415 588 2498 magica
614 2417 757 2496 quadam
779 2434 844 2495 qna
866 2415 920 2481 <lei
941 2420 1102 2498 cogantur
1116 2414 1161 2483 vi.
1204 2415 1439 2480 Adnotandnm

260 2524 312 2584 est
336 2519 450 2584 harum
474 2537 606 2600 precum
629 2518 796 2601 originem,
817 2523 856 2583 ut
870 2517 1124 2600 superstitiones
1146 2523 1225 2585 sunt
1240 2517 1325 2583 satis
1339 2518 1439 2583 rudes

261 2626 295 2687 et
318 2623 493 2688 cohaerent
516 2641 587 2687 cnm
610 2621 731 2687 ritibus
746 2621 854 2704 priseo
876 2625 1024 2702 tempore
1045 2619 1222 2703 institutis
1245 2621 1288 2686 ad
1310 2638 1439 2686 cascam

260 2724 495 2805 antiquitatem
524 2723 642 2790 redire.
686 2725 866 2790 Praeterea
896 2725 937 2788 de
959 2722 1119 2789 eliciendo
1151 2722 1286 2789 fulmine
1309 2721 1438 2788 Plinius

262 2828 461 2892 mentionem
475 2826 601 2893 fecerat
616 2826 680 2891 iarn
704 2825 812 2908 priore
835 2827 975 2906 quodam
990 2825 1163 2892 Naturalis
1179 2824 1348 2891 Historiae
1370 2825 1439 2890 loco

261 2929 309 3010 (ΙΙ
326 2929 408 3013 140),
424 2948 487 3010 quo
503 2929 582 2994 item
598 2929 782 2996 invenimus
797 2928 889 2994 illam
901 2928 968 2995 vim
983 2928 1144 3010 magicam
1160 2930 1237 2994 deos
1253 2933 1438 3010 cogentem:

261 3030 358 3096 uuus
380 3032 545 3096 annalium
572 3033 720 3095 memoria
747 3034 847 3096 sacris
876 3030 1062 3115 quibusdam
1084 3038 1112 3096 et
1136 3028 1369 3113 precationibus
1395 3029 1440 3094 uel

260 3135 327 3217 copi
343 3133 487 3216 fulmina
505 3134 553 3198 uel
569 3135 740 3215 impetrari.
790 3132 884 3198 Vetus
894 3135 987 3216 fama
1002 3133 1153 3198 Etruriae
1172 3140 1217 3198 est
1229 3135 1439 3216 impetratum,

266 3236 421 3300 Volsinios
442 3236 547 3300 urbem
575 3236 765 3321 depopulatis
786 3239 872 3322 apris
900 3237 1049 3301 subeunte
1070 3242 1221 3327 'monstra
1250 3235 1334 3320 quau
1354 3255 1439 3300 oocu-

260 3360 326 3404 uere
349 3339 461 3423 Oltam,
482 3347 635 3404 euocatum
657 3340 832 3405 aPorsina
852 3360 908 3404 suo
929 3359 1008 3421 repe.
1052 3339 1097 3404 Et
1110 3345 1182 3403 ante
1203 3359 1275 3403 eum
1296 3337 1440 3404 aNuma

259 3444 384 3525 saepius
404 3441 458 3506 boe
478 3445 657 3524 factitatum
678 3445 713 3507 in
725 3445 830 3525 primo
851 3463 980 3507 suorum
1002 3442 1168 3506 unnulium
1189 3441 1288 3506 tradit
1308 3439 1346 3507 L.
1368 3439 1441 3504 Piso

260 3545 314 3631 (H.
337 3547 437 3611 Peter
459 3545 546 3612 Hist.
567 3547 658 3612 Rom.
680 3547 738 3612 rel.
758 3547 776 3612 I
797 3546 837 3612 fr.
861 3547 902 3611 10
923 3566 954 3627 p.
978 3545 1053 3629 122)
1080 3547 1189 3629 prum's
1209 3550 1327 3628 auctor,
1358 3541 1440 3628 quael

259 3649 415 3712 imitatum
441 3667 557 3730 parum
591 3651 649 3712 rite
678 3649 809 3713 Tullum
839 3647 1012 3711 Hostilium
1041 3649 1138 3711 ictum
1166 3647 1310 3727 fulmine.
1368 3646 1440 3712 Hoc

261 3767 387 3831 quoque
410 3768 450 3814 ex
473 3751 543 3816 loco
557 3750 656 3818 facile
678 3751 830 3833 intellegi
845 3756 955 3832 potest
977 3749 1216 3831 antiquissimis
1238 3747 1440 3831 temporibus

259 3852 477 3918 Romanorum
500 3854 708 3934 precationes
729 3859 803 3920 arte
826 3855 1002 3919 cohaerere
1025 3872 1097 3919 cum
1123 3851 1264 3918 canticis
1293 3850 1441 3933 magicis.

260 3955 312 4021 De
333 3953 436 4036 ipsius
458 3955 548 4021 'Pulli
572 3957 707 4023 Hostilii
723 3957 912 4022 calamitate
935 3954 1150 4021 conferendus
1173 3959 1226 4020 est
1246 3953 1377 4028 tertius,
1400 3971 1442 4019 ex

260 4076 324 4139 quo
360 4057 487 4138 aliquid
523 4060 609 4126 certi
642 4059 789 4127 concludi
824 4066 950 4142 potest,
983 4058 1085 4128 Plinii
1121 4059 1222 4141 loona,
1254 4057 1331 4123 Nat
1363 4057 1442 4122 hist.

260 4159 413 4226 XXVIlI
436 4163 493 4228 14:
515 4161 552 4229 L.
574 4163 647 4228 Piso
669 4164 721 4248 (H.
744 4164 845 4229 Peter
866 4162 953 4228 Hist.
975 4162 1066 4227 Rom.
1091 4162 1149 4229 rel.
1165 4161 1183 4227 Ι
1198 4160 1237 4226 fr.
1254 4161 1296 4226 13
1318 4180 1349 4243 p.
1364 4159 1440 4244 123)

259 4263 425 4329 annalium
447 4273 557 4330 auctor
585 4271 630 4331 est
658 4266 787 4330 Tullum
809 4264 981 4329 Hostilium
1010 4284 1111 4346 nepem
1141 4284 1180 4328 eu
1200 4262 1325 4327 Numae
1351 4262 1443 4327 bibres
