3120 4920
477 349 519 406 Ila
537 349 721 406 &manorum
738 349 940 419 precationibus

204 521 328 589 Lucan.
349 520 502 589 Pharsal.
526 520 580 587 IX
601 521 680 588 860:

270 625 322 691 Tu
344 624 494 707 quisquis
514 642 667 706 superum
690 623 883 690 commercia
903 629 1019 691 nostra
1040 642 1184 706 perosus.

202 745 253 794 no.
275 728 318 794 66
339 746 387 796 vs,
408 727 522 808 ausu:
550 725 596 791 m
623 733 651 790 te
673 725 788 791 adiuro
813 728 957 813 quisquis
983 727 1107 808 inferne
1135 745 1167 792 es
1186 726 1300 792 demon

108 848 172 912 per
192 828 246 894 uec
266 836 376 895 saucio
397 830 526 895 uomina
548 830 744 896 necessitatis.

201 931 273 999 Iam
294 932 430 1000 afferam
452 936 532 999 duos
553 933 650 1016 locos,
678 931 736 998 ubi
758 937 911 999 auctores
933 932 1035 999 ctiam
1064 937 1161 999 extra
1189 931 1300 1015 ipsam

110 1035 338 1119 precationem
360 1035 447 1102 hanc
466 1035 639 1102 formulam
660 1033 886 1102 retinuerunt:

203 1137 300 1206 Oviu
320 1137 400 1205 fast.
425 1138 475 1206 VI
498 1139 578 1204 731:

270 1240 423 1325 Reddita,
445 1239 593 1322 quisquis
612 1240 642 1307 is
664 1244 725 1323 est,
747 1239 922 1306 Summano
938 1241 1063 1322 templa
1084 1240 1239 1307 feruutur

321 1344 404 1410 'Pum
427 1361 500 1410 cum
521 1342 687 1426 Mmauis,
708 1343 838 1426 Pyrrhe
859 1343 1026 1410 timendus
1047 1362 1129 1410 eras

202 1445 288 1512 Pliu.
309 1450 379 1512 nat.
400 1445 478 1512 hist.
499 1446 535 1512 H
558 1447 587 1529 7,
610 1447 666 1512 14:
698 1445 893 1529 Quapropter
917 1445 1052 1530 effiqiem
1073 1445 1125 1510 olei
1143 1446 1297 1526 formam·

111 1568 174 1631 quc
194 1568 341 1630 quoerem
361 1548 580 1614 tumultuum
606 1547 761 1613 iumuuoe
781 1568 859 1614 reor.
912 1549 1062 1633 Quisquis
1090 1554 1132 1613 cst
1153 1549 1237 1633 deus,
1266 1550 1300 1615 si

110 1650 205 1716 ruodo
225 1657 270 1716 cst
290 1651 374 1716 clius
394 1655 423 1715 et
444 1671 636 1736 quocumque
656 1653 691 1715 in
710 1656 810 1736 porte,
832 1654 914 1715 totus
934 1659 979 1716 est
999 1671 1115 1717 seusus.

201 1753 267 1820 Sed
290 1759 499 1820 transeamus
522 1755 564 1820 ad
586 1755 780 1822 vocabulum
802 1755 995 1839 quicumque.

201 1856 326 1940 Vergil.
346 1857 428 1924 Aen.
451 1857 469 1922 I
489 1857 568 1924 330:

269 1958 323 2026 Sis
343 1958 426 2026 felix
446 1964 659 2042 nostrumque
680 1959 771 2027 leves
794 1978 1013 2042 quaecumque
1034 1959 1189 2026 laborem.

200 2061 249 2128 uf.
271 2061 407 2129 Servius
437 2065 481 2128 ad
502 2064 639 2129 eundem
668 2061 812 2145 Vergilii
840 2063 961 2129 locum:
991 2059 1208 2149 quoecumque]
1238 2081 1298 2126 seu

108 2162 226 2230 Diouc
246 2183 303 2228 seu
326 2163 473 2246 nympha.

201 2265 326 2334 Lucan.
347 2266 498 2334 Pharsal.
518 2267 572 2334 IX
593 2267 673 2334 990:

268 2368 312 2435 Di
333 2368 488 2452 cinerum,
509 2368 675 2454 Phrygias
697 2368 807 2436 colitis
830 2369 1023 2452 quicumque
1044 2369 1168 2437 ruinas.

199 2471 309 2539 Valor.
333 2471 443 2539 Flaoc.
464 2475 587 2556 Argon.
609 2473 658 2538 IV
678 2474 758 2539 674:

268 2573 392 2657 Sequor
413 2593 432 2641 o
454 2575 649 2657 quicumque
671 2578 814 2643 deorum.

200 2675 287 2744 Stat.
309 2677 411 2744 Theb.
432 2677 467 2742 X
489 2678 567 2744 680:

268 2779 456 2863 Sequimur,
478 2781 589 2848 dirum
619 2798 839 2863 quaecumque
862 2780 999 2847 vocasti.

197 2879 327 2948 Firmis.
335 2883 475 2950 Matern
487 2884 609 2950 Astrol.
621 2883 779 2965 Vpraefe
794 2884 846 2950 Tu
865 2883 1061 2965 quicumque
1073 2885 1153 2949 deus
1165 2901 1296 2964 qu1eqs

199 2984 334 3051 Authcl
356 2984 435 3051 Lat'
409 2989 469 3052 tm
491 2985 527 3051 H
550 2987 701 3070 1315,1:

267 3087 373 3154 Terra
394 3107 519 3172 precor,
541 3107 763 3170 quaecumque
784 3088 872 3154 iaces
887 3087 1021 3155 Nicaric
1044 3106 1143 3170 super
1164 3106 1248 3153 ossa.

197 3208 229 3255 n.
244 3191 303 3257 68:
332 3197 361 3254 et
382 3197 417 3254 tu
438 3193 625 3276 quicumque
649 3211 681 3256 es
701 3191 819 3274 demon,
842 3198 868 3255 te
889 3210 956 3272 oro;
982 3210 1014 3256 n.
1038 3191 1094 3256 75:
1117 3189 1241 3254 Adiuro
1263 3196 1297 3254 te

105 3289 224 3356 deiaou
245 3293 431 3377 quicumque
451 3313 483 3359 es
507 3298 536 3358 et
555 3294 723 3376 demonum
752 3313 783 3359 u.
805 3293 864 3360 80:
896 3293 1021 3357 Adiuro
1043 3298 1070 3356 te
1091 3292 1200 3356 demon
1223 3294 1294 3375 qui·

106 3413 241 3475 cumque
261 3399 290 3459 et
309 3394 472 3462 demando.

198 3498 273 3563 Huc
305 3497 453 3581 proferre
493 3499 632 3565 audeam
666 3498 788 3580 Apulei
826 3498 932 3564 locum
966 3497 1019 3582 (de
1053 3499 1113 3563 deo
1146 3495 1305 3564 Socratis>

106 3599 590 3686 e15,153),quipertinere
620 3601 755 3668 videtur
784 3603 828 3667 ad
857 3605 1006 3667 exactum
1037 3600 1128 3666 illam
1158 3602 1290 3666 deorum

106 3701 253 3770 nominis
273 3702 427 3770 notitiam
448 3704 485 3770 iu
509 3703 755 3786 precationibus
783 3702 1016 3770 necessariam:
1050 3702 1130 3768 Cum
1152 3722 1221 3766 vero
1242 3704 1295 3766 iu-

105 3809 228 3871 certum
248 3810 300 3889 est,
322 3826 401 3888 quae
422 3808 531 3890 cuique
552 3826 658 3871 eorum
680 3808 784 3870 sortito
806 3807 943 3888 evenerit,
964 3812 1073 3869 utrum
1094 3804 1163 3869 Lor
1184 3807 1225 3868 sit
1247 3825 1290 3869 ou

107 3905 229 3991 Lurco,
257 3910 381 3974 nomine
402 3909 532 3974 Mouem
551 3909 644 3973 deum
671 3915 874 3990 uuucupout,·
901 3908 1016 3973 scilicet
1035 3907 1163 3972 liquoris
1181 3909 1289 3992 qratia

107 4009 160 4075 dci
181 4010 362 4075 vocobulum
383 4011 526 4076 additum
547 4018 599 4077 est.

197 4112 261 4180 His
275 4114 374 4180 rebus
389 4113 538 4181 omuibus
557 4114 639 4180 satis
655 4115 894 4181 demonstrasse
911 4112 991 4179 mihi
1006 4112 1128 4195 videor,
1144 4115 1296 4193 quantoe

107 4233 211 4283 curae
234 4214 337 4282 luerit
359 4216 516 4283 Romanis
536 4221 630 4283 recta
653 4217 706 4283 dei
728 4217 919 4299 appellatio,
945 4235 1010 4297 qua
1032 4216 1232 4282 omnimodo
1254 4213 1289 4278 id

108 4317 254 4403 egerim,
275 4323 314 4386 ut
333 4325 424 4386 recte
454 4318 484 4385 is
514 4321 603 4404 deus,
633 4337 728 4401 quem
758 4320 977 4401 advocabant,
1006 4317 1218 4400 iudicaretur,
1246 4334 1296 4382 ua
