3120 4920
529 317 571 370 De
588 316 771 370 Romanorum
789 316 989 384 precationibus
1284 321 1345 386 101

255 486 390 550 Pulchre·
411 487 581 554 dicuntur:
610 487 764 555 Lauerna
787 489 915 572 (Horat.
938 488 1034 570 epist.
1058 490 1075 554 I
1099 491 1148 572 16,
1170 490 1237 574 60);
1267 491 1352 558 Iuno

171 589 338 673 (Martiam.
369 589 490 672 Capell.
520 590 556 655 Π
578 590 669 674 149);
700 591 840 671 Ap01101
877 592 1020 674 (Anthol.
1050 593 1160 657 Latin.
1188 592 1206 656 Ι
1233 594 1284 677 67,
1315 597 1350 676 7;

171 692 306 774 Ephem.
329 692 432 775 epigr.
452 693 536 757 VIII
558 713 588 774 p.
611 694 695 776 284).
739 694 852 759 Etiam
878 693 976 759 huius
999 696 1089 761 vocis
1109 714 1350 777 nonnumquam

170 795 346 860 adhibetur
368 797 490 878 gradus
513 796 736 877 superlativus
757 796 980 879 pulcherrim:
1001 798 1103 863 Liber
1125 798 1232 879 (Ouid.
1249 799 1351 865 Trist.

172 898 247 981 V3,
269 899 339 982 43);
369 898 481 964 Venus
504 898 612 982 (Ovid.
641 898 717 965 fast.
739 899 788 965 IV
813 899 904 983 161);
935 900 1034 965 Ianus
1058 900 1219 986 (Martial.
1246 903 1350 985 epigr.

171 1001 205 1068 X
226 1002 276 1083 28,
300 1004 341 1082 1).

256 1103 443 1169 Proximum
459 1110 519 1186 est,
542 1108 579 1169 ut
594 1105 655 1170 hoc
676 1105 745 1170 loco
761 1105 907 1171 dicamus
923 1107 963 1171 de
986 1107 1132 1188 epitheto
1155 1109 1350 1190 omnipotens.

170 1205 241 1290 Quo
263 1207 423 1273 vocabulo
445 1206 612 1273 indicatur
637 1209 714 1273 deos
737 1208 861 1273 habere
884 1214 1085 1289 potestatem
1107 1201 1216 1293 talem,
1248 1215 1285 1275 ut
1315 1210 1348 1276 in

170 1310 318 1375 omnibus
348 1311 447 1375 rebus
479 1310 637 1374 auxilium
668 1309 756 1375 ferre
785 1311 921 1392 possint.
972 1313 1022 1377 Ac
1050 1317 1223 1394 precantes
1255 1315 1350 1378 deum

169 1412 225 1477 illo
258 1414 351 1477 modo
390 1413 593 1493 appellatum
634 1431 835 1479 commovere
874 1416 1025 1496 student,
1061 1422 1097 1480 ut
1130 1415 1230 1480 etiam
1264 1435 1350 1481 nunc

168 1520 316 1596 praestet
339 1515 607 1596 omnipotentiam
630 1535 720 1580 suam
746 1517 963 1598 precibusque
986 1519 1200 1600 obtemperet.

254 1619 304 1683 Ac
326 1618 518 1699 priusquam
541 1620 584 1683 ad
606 1618 679 1700 ipsa
700 1619 867 1684 afferenda
884 1621 1033 1702 exempla
1057 1623 1350 1707 transgrediamur,

170 1720 279 1786 Servii
301 1723 457 1802 quosdam
480 1722 567 1786 locos
589 1722 813 1803 inspiciamus.
850 1723 900 1787 Ad
923 1724 1003 1788 Aen.
1027 1725 1075 1789 IV
1098 1725 1176 1790 206:
1206 1725 1350 1809 Iupplter

168 1821 367 1910 omnipotens]
386 1823 515 1906 epr‘tlretu
532 1844 610 1907 quoe
626 1827 940 1888 coruruemorutr'ouem
953 1831 1106 1906 potentiue
1122 1827 1238 1908 labent,
1253 1831 1348 1892 r'nter-

169 1925 243 1989 dum
265 1927 510 2007 exprobrationes
531 1929 592 1989 eiru
615 1927 748 1990 obtinent
774 1933 807 1990 ut
828 1927 881 1990 loe
904 1929 973 1993 loeo.
1018 1930 1071 1994 Ad
1094 1932 1173 1994 Aen.
1197 1932 1248 1996 IX
1271 1934 1346 1998 622:

167 2027 308 2108 Iuppe'ter
330 2028 531 2114 ournlpotens]
560 2029 614 2092 boc
636 2030 783 2109 epitheton
807 2031 965 2094 Interdum
987 2032 1031 2095 uel
1051 2034 1183 2112 plurium
1206 2038 1348 2098 uumlnr's

164 2134 303 2214 ponitur,
326 2132 484 2195 Interdum
507 2132 549 2195 uel
572 2152 699 2196 curuum
721 2134 861 2199 dieentes.
890 2155 1023 2218 nuncque
1045 2135 1099 2198 boe
1130 2137 1192 2199 loeo
1221 2137 1348 2201 dicendo

171 2235 394 2318 „onrnlpotens“
419 2236 583 2298 ostendunt
604 2255 672 2298 euru
694 2239 785 2299 ettune
812 2236 868 2320 lus,
900 2240 955 2321 pue'
975 2258 1031 2320 per
1058 2259 1090 2302 ee
1113 2241 1216 2302 rulnus
1238 2242 1348 2323 uolent,

166 2345 322 2417 praestare
349 2358 434 2418 posse
463 2340 614 2403 oo'rtutem.
665 2340 775 2419 Atque
804 2340 877 2422 iam,
908 2360 980 2405 cum
1010 2341 1130 2407 iterum
1161 2344 1264 2407 solum
1295 2363 1346 2409 re-

167 2439 340 2521 spiciamus
363 2443 496 2506 deorum
518 2442 658 2522 uomica,
681 2443 856 2507 afferamus
880 2444 1043 2524 exempla:

253 2545 333 2609 deus
373 2543 520 2608 incertus
559 2544 699 2625 (Ennius
737 2546 868 2610 Hector.
899 2547 992 2610 Lutr.
1030 2546 1069 2610 fr.
1101 2548 1121 2611 9
1164 2548 1292 2613 Vahlen
1304 2549 1347 2631 ‘·');

167 2645 316 2727 Iuppiter
345 2646 468 2731 (Valer.
498 2647 610 2712 Soran.
641 2647 681 2713 fr.
711 2650 732 2712 4
761 2648 850 2713 FPR
881 2669 910 2728 p.
934 2650 1012 2730 273;
1044 2649 1160 2714 Catull.
1191 2651 1347 2732 64,171;

168 2749 265 2831 Verg.
288 2751 368 2814 Aen.
391 2749 425 2813 Π
441 2751 520 2830 690;
542 2750 591 2815 IV
607 2751 684 2831 2063
708 2751 831 2832 16ὃῆ
854 2751 906 2816 IX
926 2753 1004 2832 6253
1027 2753 1096 2817 ΧΠ
1113 2755 1191 2831 179;
1214 2755 1347 2820 Petron.

167 2851 267 2920 Satir.
288 2854 366 2932 1223
388 2852 473 2918 Stat.
497 2855 598 2919 Theb.
627 2854 783 2930 111471,
814 2855 933 2920 Achill.
963 2856 1081 2937 15463
1111 2857 1230 2921 Incert.
1261 2876 1346 2924 vers.

166 2953 205 3019 fr.
236 2957 254 3019 7
286 2955 374 3020 FPR
402 2975 433 3036 p.
462 2957 553 3038 357);
595 2957 707 3038 Apollo
739 2957 816 3039 (Cic.
847 2959 941 3023 'lusa
971 2958 1019 3023 IV
1049 2961 1105 3040 733
1137 2961 1234 3041 Verg.
1265 2963 1346 3028 Aen.

166 3057 217 3122 XI
240 3059 330 3141 791);
354 3059 434 3124 Iuno
457 3060 579 3141 (Valer.
595 3059 703 3125 Flauo.
719 3063 798 3142 Arg.
816 3061 831 3125 Ι
847 3061 916 3145 81);
940 3061 1076 3127 Somnus
1099 3064 1221 3146 (Valer.
1237 3065 1346 3130 Flacc.

165 3161 243 3242 Arg.
267 3161 350 3226 VIII
373 3161 441 3243 70);
464 3161 566 3226 Liber
588 3162 685 3244 (Stat.
709 3164 808 3227 Theb.
833 3164 879 3228 lV
902 3165 992 3247 383);
1017 3167 1189 3230 daemones
1212 3167 1344 3246 quidam

166 3263 208 3345 (n.
234 3265 283 3343 61,
307 3263 369 3347 66).

252 3367 429 3430 Videamus
452 3386 538 3431 nunc
561 3369 601 3432 de
625 3369 731 3433 altero
754 3368 972 3449 epithetorum
1000 3389 1130 3450 genere,
1161 3371 1201 3434 de
1224 3371 1344 3450 quibus

164 3487 222 3549 pro
252 3474 341 3534 certo
365 3469 430 3534 dici
459 3489 522 3535 non
552 3475 670 3552 potest,
700 3476 809 3536 utrum
839 3477 1011 3553 precantes
1042 3473 1122 3567 haec
1152 3475 1256 3537 verba
1287 3476 1343 3538 ad·

164 3571 301 3636 lribeant
324 3571 456 3652 proprio
480 3573 596 3654 Marte,
620 3592 662 3637 an
692 3574 801 3639 cultus
832 3575 1067 3640 consuetudine
1096 3575 1154 3640 usi.
1199 3575 1344 3656 Quorum

164 3673 385 3754 epitlretorum
415 3675 449 3738 in
480 3693 613 3740 numero
636 3676 786 3756 inprimis
816 3696 934 3758 ponam
963 3683 1054 3756 poter
1083 3685 1116 3743 et
1139 3682 1245 3742 muter.
1295 3679 1344 3743 Ac

163 3776 326 3858 principio
343 3777 472 3857 quidem
488 3778 595 3858 patris
611 3798 788 3860 cognomen
802 3800 865 3845 non
882 3781 1031 3846 omnibus
1048 3781 1117 3846 deis
1132 3779 1344 3846 tribuebatur

253 3963 261 3994 ¹
280 3965 318 4017 At
335 3965 456 4019 Lucilius
478 3965 524 4019 lib.
543 3966 557 4018 I
574 3967 607 4018 fr.
625 3967 660 4018 23
678 3966 764 4036 (Marx
784 3983 810 4034 p.
828 3968 855 4036 4)
879 3967 932 4021 ait:
957 3967 1055 4034 Apollo
1075 3967 1189 4036 pulcher
1213 3966 1269 4020 dici
1286 3985 1343 4022 non

162 4049 228 4103 vult.
263 4049 314 4103 Sed
332 4052 454 4104 conteras
472 4066 503 4104 ea
522 4067 591 4117 quae
615 4051 659 4106 Fr.
678 4054 754 4105 Marx
778 4053 902 4106 adhunc
921 4053 1008 4106 locum
1033 4055 1086 4108 uit:
1116 4052 1180 4109 Veri
1198 4053 1287 4122 lpe‘tur
1303 4055 1341 4108 ar'-

163 4134 310 4188 milllmum
329 4140 369 4189 est
380 4136 506 4203 conqueri
519 4137 673 4205 Apollr'nern
686 4137 761 4205 opud
772 4139 921 4207 Lucillum,
940 4137 1017 4205 quod,
1031 4157 1093 4192 cum
1105 4138 1187 4192 ceteri
1205 4139 1240 4192 ad
1253 4157 1342 4194 uratum

162 4237 255 4274 omnes
268 4224 365 4290 putres
377 4221 514 4288 dicuntur,
532 4224 590 4291 ipse
603 4223 719 4290 pulcher
733 4223 836 4278 Groeoe
854 4222 924 4292 quod
942 4225 983 4275 ert
995 4221 1074 4278 καλός
1092 4223 1189 4277 audire
1207 4226 1293 4278 aoleut
1309 4229 1342 4278 ut

162 4305 263 4360 exoleti
281 4306 315 4360 ab
334 4307 511 4362 curatoribus.
