3120 4920
665 343 799 414 Georgius
817 345 910 414 Appel.

348 517 412 584 Seu
435 515 527 598 cupis
549 515 681 598 genitor
702 514 814 583 vocari
836 519 871 581 et
893 519 1009 581 auctor

348 619 448 686 Orbis
470 624 529 685 ant
550 618 671 702 Physis
693 618 766 701 ipra
787 619 924 700 Panque
946 618 1040 685 salve

278 723 481 790 Incertorum
504 740 589 788 vers.
611 721 654 787 ir.
677 722 707 805 8,
729 721 817 786 FPR
839 741 870 803 p.
892 722 970 787 328:

347 826 571 908 Lanaricum,
594 843 679 906 quae
700 825 771 890 sola
791 822 884 891 vides
906 822 1052 905 periuria
1073 823 1163 908 volgi

347 929 413 995 Seu
436 927 578 994 Cretaea
599 927 706 1011 magis
728 945 787 993 seu
808 932 846 992 tu
868 927 1039 1010 Dictynna
1059 927 1200 994 vocaris.

279 1032 378 1113 Apul.
399 1036 531 1096 metam.
553 1029 605 1096 XI
627 1032 647 1096 2
671 1032 711 1096 de
733 1028 837 1095 Iside:
868 1049 989 1114 quoquo
1011 1031 1136 1094 uomiuc
1164 1049 1286 1114 quoquo
1307 1033 1378 1096 ritu

192 1154 313 1219 quoquc
332 1134 415 1215 focio
436 1138 464 1197 ic
483 1133 539 1214 fos
552 1138 597 1196 cst
616 1133 766 1198 iuvocare.
809 1132 966 1197 Martian.
990 1132 1112 1214 Capell.
1133 1132 1173 1198 II.
1189 1135 1267 1200 149:
1290 1133 1380 1198 quo

187 1236 324 1322 pulchra
345 1237 414 1302 iicet
433 1235 525 1300 uliud
545 1254 655 1298 uomcu
677 1234 733 1298 ubi
750 1231 937 1299 consortium
959 1235 1083 1299 caeleate
1105 1235 1246 1300 imbuerit
1267 1243 1296 1300 ct
1316 1257 1380 1302 uos

187 1360 213 1404 u
233 1339 370 1404 iuooudo
391 1337 545 1402 quouem
574 1337 656 1401 uude
684 1343 713 1401 et
739 1335 840 1400 Iouem
862 1337 997 1401 dicimus
1022 1340 1223 1422 nominemus,
1252 1340 1315 1403 sice
1345 1345 1379 1404 te

191 1441 357 1526 Lucium
386 1441 469 1526 quod
497 1441 595 1504 lucem
616 1439 811 1504 noscentibus
839 1439 959 1504 tribuas
986 1460 1024 1504 oc
1045 1439 1206 1506 Lucetium
1235 1445 1380 1507 couucuit

191 1564 384 1626 uuucuqmrc.

277 1648 457 1713 Praeterea
477 1647 539 1712 hoc
565 1647 635 1712 loco
657 1664 899 1712 commemorem
929 1645 1088 1712 formulas
1118 1646 1161 1714 ab
1194 1645 1246 1712 his
1274 1665 1378 1715 voca·

190 1749 278 1818 bulis
311 1751 454 1834 quisquis
489 1755 524 1815 et
560 1750 743 1833 quicumque
774 1748 1025 1832 incipientibus,
1055 1767 1141 1830 quae
1170 1747 1265 1831 ipsae
1294 1768 1377 1831 quo·

192 1867 254 1935 que
276 1853 445 1936 pertinent
468 1855 511 1918 ad
540 1851 632 1918 illam
655 1871 767 1918 curam
789 1869 906 1918 nomen
928 1871 1042 1920 verum
1065 1852 1234 1919 afferendi.
1277 1851 1377 1936 Quae

190 1972 263 2022 cum
285 1974 350 2022 non
371 1955 437 2021 nisi
459 1954 494 2021 in
516 1955 717 2021 carminibus
737 1954 1017 2036 defixionibusque
1040 1953 1263 2038 inveniantur,
1285 1954 1377 2021 diffi-

189 2057 255 2124 cile
275 2063 328 2124 est
348 2058 447 2140 dictu,
469 2063 579 2123 utrum
601 2057 669 2123 sint
691 2056 814 2123 formae
836 2076 916 2124 vere
937 2057 1106 2123 Romanae
1130 2076 1173 2123 an
1195 2058 1372 2125 Graecae¹

192 2180 213 2226 a
234 2159 341 2242 poetis
364 2165 398 2226 et
420 2159 553 2243 magis2
574 2165 745 2242 receptae3
774 2159 917 2226 fortasse
946 2159 1048 2226 etiam
1071 2159 1295 2226 coniciendum
1318 2164 1378 2226 est

189 2262 313 2330 formas
342 2262 419 2328 illas
447 2267 546 2329 natas
576 2281 648 2328 esse
678 2282 721 2329 ex
750 2262 953 2345 cogitatione
982 2261 1117 2344 utrique
1146 2263 1263 2345 populo
1286 2281 1371 2329 com·

189 2364 288 2431 muni.
339 2365 436 2431 Licet
464 2365 526 2431 boc
554 2364 590 2431 in
618 2365 725 2431 medio
753 2369 938 2449 remaneat,
967 2369 1079 2431 tamen
1109 2383 1169 2446 pro
1198 2370 1288 2431 certo
1319 2364 1375 2431 af·

188 2466 313 2534 firmari
345 2472 456 2551 potest
483 2467 653 2534 vocabulis
681 2467 752 2534 illis
780 2469 918 2533 eandem
948 2468 1083 2534 subesse
1112 2467 1297 2551 opinionem
1329 2487 1375 2534 ac

189 2570 349 2637 formulae
370 2573 431 2635 sice
452 2590 512 2655 quo
534 2570 597 2634 olio
618 2572 741 2634 uomiue
759 2569 814 2651 fus
835 2577 878 2634 est
899 2572 1069 2637 uomiuurc.

275 2673 429 2756 Singulos
451 2673 538 2739 locos
557 2673 624 2739 iam
645 2671 826 2755 proferam:

245 2803 247 2808 ·
274 2777 383 2843 Plaut.
406 2778 491 2842 Rud.
512 2777 591 2842 256:

314 2876 1374 2962 <quisquis>estdensveneroqutnosexhacaerumnaeximat.

275 2981 402 3065 Vergil.
423 2980 505 3046 Aen.
527 2981 576 3048 IV
598 2982 677 3047 577:

597 3082 770 3165 Sequimur
792 3087 827 3149 te
849 3087 964 3150 sancte
986 3083 1129 3166 deorum,

341 3185 491 3268 quisquis
514 3204 558 3252 es.

273 3288 321 3356 cf.
343 3290 496 3357 Servium
511 3291 553 3356 ad
575 3289 662 3356 hunc
676 3288 818 3372 Vergilii
832 3289 952 3356 locum:
976 3289 1125 3374 Quisquis
1146 3309 1176 3353 co
1197 3288 1371 3353 secuudum

182 3392 366 3476 pontificum
387 3412 502 3456 morem
524 3394 580 3477 qui
599 3394 645 3456 sic
664 3391 892 3475 precabamur:
922 3390 1085 3475 „Iuppiter
1105 3391 1300 3473 ommipotens
1321 3391 1374 3456 oei

186 3514 246 3580 quo
268 3496 331 3560 olio
353 3497 476 3559 nominc
496 3502 524 3559 tc
545 3496 701 3579 appellari
721 3495 883 3562 uolucris“.

272 3597 368 3665 ovio.
390 3603 465 3664 met.
495 3598 648 3663 111613:

340 3699 496 3783 Quisquis
518 3718 563 3782 es,
585 3718 603 3766 o
625 3698 742 3766 faveas
767 3698 952 3782 nostrisque
974 3697 1144 3767 laboribus
1167 3697 1265 3765 adsis.

272 3803 384 3870 Seneo.
407 3801 606 3886 ominare
629 3804 669 3868 de
691 3802 786 3868 Iove:

340 3905 495 3988 Quisquis
518 3908 651 3972 deorum
673 3923 779 3987 regna
800 3903 953 3986 placatus
975 3904 1079 3972 vides.

272 4076 283 4108 ¹
300 4076 378 4130 Hom.
396 4075 445 4130 Od.
463 4076 489 4131 V
506 4075 571 4130 445:
596 4071 679 4126 κλῦθι
698 4071 777 4136 ἅναξ,
799 4073 856 4128 ὅτις
873 4073 944 4140 ἕσσί;
968 4074 1066 4128 Aeach.
1084 4073 1183 4143 Agom.
1208 4071 1272 4128 160:
1298 4070 1371 4128 moe

183 4158 256 4213 riom
273 4157 335 4211 ποτ’
353 4160 435 4220 ἐστίν,
454 4161 478 4212 ai
494 4158 551 4212 τόδ’
570 4157 645 4224 αὐτῷ
663 4156 743 4230 φίλον
761 4155 924 4225 κεκλημένῳ,
946 4161 1029 4210 τοῦτο
1046 4178 1091 4210 usu
1109 4160 1297 4226 προσεννέπω.

271 4243 369 4298 'Nam
392 4245 413 4300 ii
437 4245 485 4313 qui
508 4245 673 4316 defigebant,
697 4261 900 4313 nonnumquam
926 4245 1044 4300 Graecas
1070 4244 1219 4299 defixiones
1243 4243 1273 4298 iu
1296 4260 1371 4299 com·

291 4328 315 4384 is
332 4331 564 4386 exsecrationibus
581 4332 774 4402 sequebantur,
793 4348 819 4386 v.
837 4333 906 4386 Mus.
925 4331 1013 4386 Rhen.
1031 4331 1081 4387 LV
1099 4330 1189 4400 (1900)
1207 4330 1267 4384 239.
