3120 4920
423 343 463 396 De
481 342 665 397 Romanorum
683 341 885 411 precationibus
1181 345 1244 412 105

149 533 180 580 n.
198 515 256 579 44:
278 512 417 577 Domina
444 513 557 596 Venus,
578 515 607 576 si
620 533 673 593 epo
695 512 778 577 buco
796 533 930 596 puerum
952 513 1088 595 basiorum
1110 533 1141 581 n.
1166 515 1243 580 113:

63 616 193 682 Dornuo
214 618 372 698 Artemia3
394 636 426 684 n.
442 618 520 682 114:
543 615 682 679 Domina
705 615 801 679 Lana
813 617 833 682 1.

150 720 261 786 Etiam
274 721 430 802 Magnam
442 719 583 784 Matrem
595 737 836 800 nonnumquam
849 719 1010 785 dominam
1022 724 1244 801 nuncupatam

65 841 137 890 esse
159 842 200 889 ex
215 823 329 888 Servio
352 821 409 906 (ad
427 821 577 887 Aemili
593 821 668 906 113)
691 821 914 905 intellegitur:
937 821 1106 886 Dominum
1117 825 1245 904 proprie

64 931 196 991 mairem
224 925 315 988 deum
346 925 409 988 dici
436 922 539 987 Varro
561 928 589 987 et
610 927 699 988 ceteri
721 922 892 1006 adfirmant
913 975 922 992 .
944 976 950 990 .
974 976 981 990 .
1006 924 1086 989 huuc
1116 925 1244 989 eandem

63 1027 171 1092 beram
192 1028 347 1111 appellari
363 1030 383 1092 i.
399 1049 423 1093 e.
445 1026 604 1090 hminum
619 1027 758 1093 truderat.
795 1028 907 1108 Atque
923 1028 1073 1094 Catullus
1089 1028 1244 1111 Magnam

64 1132 206 1198 Matrem
228 1131 328 1196 semel
351 1129 481 1214 (LXIII
499 1130 553 1214 92)
576 1149 662 1192 eram
684 1130 715 1214 (i.
732 1149 758 1196 e.
779 1131 904 1211 heram)
927 1131 1082 1214 appellat,
1105 1133 1162 1197 sed
1184 1131 1245 1198 hoo

65 1252 197 1300 carmen
218 1233 317 1314 plane
339 1232 501 1299 Graecum
525 1251 596 1298 esse
619 1237 758 1298 constat.

150 1335 219 1401 Iam
236 1354 314 1401 vero
337 1334 620 1418 transgrediamur
635 1337 678 1401 ad
701 1340 861 1402 certorum
885 1337 1020 1402 deorum
1043 1336 1244 1420 cognomina,

64 1443 102 1505 ut
123 1438 173 1504 ita
193 1438 307 1521 diuam,
329 1438 394 1503 sibi
410 1437 606 1520 constantia,
629 1456 721 1520 quae,
737 1456 809 1504 cum
831 1457 960 1520 semper
982 1439 1017 1504 in
1036 1439 1128 1504 cultu
1151 1457 1245 1504 usur-

64 1546 195 1624 pentur,
210 1540 315 1622 ipsum
331 1540 384 1607 dei
399 1540 538 1606 nominis
553 1541 725 1606 continent
739 1546 876 1622 partem.
910 1541 1003 1625 Quae
1020 1542 1212 1624 cognomina
1223 1541 1244 1625 ²,

63 1645 254 1727 priusquam
285 1663 305 1709 a
328 1646 420 1710 cultu
443 1644 685 1727 reciperentur,
713 1644 817 1710 libere
840 1663 860 1710 a
889 1645 1101 1725 precantibus
1131 1649 1245 1710 creata

63 1747 166 1813 fuisse
195 1747 230 1812 in
259 1748 433 1828 propatulo
463 1752 523 1829 est,
553 1766 637 1828 quae
667 1748 830 1828 paulatim
864 1747 1021 1813 continua
1046 1747 1245 1828 repetitione

64 1850 159 1916 firma
180 1851 310 1931 fixaque
333 1849 466 1916 reddita
488 1856 575 1916 suut.

150 1955 200 2019 Ac
221 1953 360 2034 primum
376 1990 378 1995 ·
392 1952 523 2034 quidem
552 1952 716 2033 proferam
745 1972 922 2036 cognomen
953 1951 1072 2034 Optime
1102 1954 1245 2025 macione,

65 2057 184 2139 quibus
217 2056 330 2122 verbis
364 2075 488 2122 summa
520 2055 669 2138 potentia
696 2055 860 2137 animique
890 2056 1095 2139 benignitas,
1129 2057 1164 2121 id
1194 2061 1246 2122 est

64 2177 191 2226 summa
207 2159 368 2225 absolutio
383 2159 615 2242 perfectioque,
638 2161 816 2225 denotatur
829 2144 969 2241 deorum,
993 2159 1057 2242 qui,
1080 2158 1245 2240 quotiens·

65 2280 201 2343 cumque
215 2262 420 2344 invocantur,
436 2262 595 2327 auxilium
611 2261 698 2328 ferre
714 2267 866 2344 possunt,
883 2263 997 2343 itaque
1012 2262 1099 2328 ferre
1115 2263 1245 2330 debent

65 2364 147 2448 Quis
176 2369 242 2439 est,
273 2365 351 2445 quin
380 2365 465 2430 sciat
491 2365 574 2430 illud
605 2364 773 2446 epitheton
797 2364 958 2446 imprimis
988 2364 1128 2430 attribui
1150 2363 1245 2431 Ioui?

65 2469 176 2549 Atque
199 2488 240 2534 ex
263 2487 308 2551 eu,
332 2470 418 2548 quod
439 2486 561 2533 summo
584 2469 714 2549 quidem
736 2469 954 2534 Romanorum
978 2470 1038 2533 deo
1065 2469 1125 2533 hoc
1147 2467 1244 2532 attri-

64 2571 180 2651 buitur
209 2589 395 2653 cognomen,
425 2571 522 2636 facile
545 2576 657 2652 putem
679 2591 774 2652 posse
797 2571 902 2637 conici
928 2571 1031 2639 verba
1052 2569 1112 2635 illa
1135 2588 1245 2636 mana-

65 2674 154 2742 visse
175 2693 216 2740 ex
238 2673 389 2755 opinione
411 2693 491 2741 vere
513 2674 668 2739 Romana.

150 2797 181 2842 n.
203 2779 260 2843 88:
284 2776 379 2840 Narro
398 2781 434 2851 te,
457 2776 599 2859 luppiter
621 2779 732 2857 optimc
754 2779 889 2842 rrruuirue
912 2795 993 2858 eqa3
1015 2796 1045 2841 n.
1070 2778 1098 2858 7,
1122 2777 1170 2858 12,
1193 2777 1244 2859 31,

63 2879 201 2963 34-37,
230 2881 287 2962 91;
320 2881 393 2947 Liv.
423 2880 472 2945 VI
496 2881 544 2963 16,
567 2883 602 2961 23
636 2880 740 2944 ΧΧΠ
769 2882 820 2962 53,
844 2882 900 2962 11;
933 2879 1085 2944 XXVIII
1113 2880 1246 2962 38,11;

63 2982 192 3048 Marius
222 2983 355 3048 Maxim.
382 2982 422 3048 fr.
446 2984 486 3048 16
516 2983 629 3066 (Peter
652 3004 681 3064 p.
705 2984 797 3067 336);
828 2983 946 3064 Script.
969 2983 1056 3048 Hist.
1080 2984 1164 3065 Aug.
1187 2982 1246 3049 vit.

63 3086 184 3150 Anton.
204 3085 302 3150 Diad.
324 3105 349 3151 c.
374 3088 401 3160 1,
423 3086 482 3152 vit.
505 3086 608 3151 Probi
632 3105 657 3152 o.
682 3088 730 3151 12.

150 3206 292 3270 Praeter
306 3206 418 3272 Iovem
434 3206 598 3271 Firmicus
614 3207 785 3271 Maternus
805 3204 839 3268 in
856 3205 1046 3286 Astrologia
1062 3204 1091 3282 (l
1106 3223 1131 3268 c.
1148 3205 1168 3268 4
1183 3203 1246 3286 fin,

63 3307 97 3375 V
116 3308 233 3392 praef.)
259 3309 321 3374 hoc
343 3309 513 3389 epitheton
536 3309 694 3374 attribuit
717 3307 783 3373 Soli
813 3308 881 3382 deo,
912 3325 1006 3386 quem
1037 3307 1110 3386 ipse
1139 3312 1244 3371 astro-

62 3411 174 3477 nomia
196 3430 258 3476 sua
287 3413 448 3477 adductus
478 3431 636 3477 summum
666 3413 761 3477 deum
790 3409 955 3475 aestimat.
1010 3409 1056 3473 nt
1085 3408 1145 3474 hoc
1175 3408 1245 3488 qui·

63 3514 137 3578 dem
168 3532 205 3579 eo
234 3513 449 3596 factumest,
484 3517 567 3594 quod
599 3515 653 3581 Sol
685 3516 764 3579 deus
794 3521 1019 3598 συγκρητισμῷ,
1049 3516 1087 3576 ut
1116 3511 1246 3577 Graeca

62 3615 179 3698 lingua
200 3622 286 3700 utar,
308 3617 397 3684 lovis
419 3637 535 3683 nomen
558 3619 736 3699 partesque
757 3617 792 3682 in
815 3636 850 3682 se
872 3615 1006 3696 recepit.

151 3719 255 3785 Venio
279 3722 320 3784 ad
345 3719 515 3801 epitheton
538 3721 609 3787 sive
632 3739 808 3802 cognomen
827 3718 980 3803 Reqirur⁸,
1006 3719 1091 3799 quod
1113 3717 1148 3782 in
1171 3735 1244 3798 pre·

63 3821 249 3889 cationibus
271 3842 350 3889 vere
373 3825 530 3889 Romanis
554 3823 754 3889 attribuitur
775 3822 893 3889 Iunoni
922 3824 1010 3888 deae.
1060 3821 1147 3886 Illud
1177 3820 1245 3901 epi-

152 3992 163 4024 ¹
180 3993 224 4047 Ex
240 3993 282 4048 his
299 3994 388 4048 tribus
401 3994 538 4063 exemplis,
558 4009 626 4060 quae
645 3999 753 4061 sumpta
772 3997 837 4047 sunt
857 4008 890 4047 ex
908 3992 1035 4046 Petronio
1059 3992 1245 4045 incantamen-

62 4078 153 4146 flsque
171 4077 276 4132 duobus
288 4080 350 4133 aevi
368 4081 506 4147 sequioris,
525 4080 649 4148 intellegi
668 4084 758 4147 potest
775 4080 845 4132 hanc
857 4094 948 4135 vocem
965 4077 1093 4145 populare
1112 4092 1169 4131 esse
1189 4076 1244 4143 epi-

62 4164 160 4219 theton
178 4163 348 4219 Caesarianis
367 4167 532 4233 temporibus
551 4166 691 4220 usitatum.

151 4248 162 4280 ²
178 4250 204 4304 J.
224 4251 255 4304 B.
274 4251 376 4320 Carter,
396 4252 427 4305 de
446 4252 554 4306 deorum
573 4251 784 4319 cognominibus,
803 4251 865 4305 diss.
884 4250 946 4304 Hal.
968 4249 1040 4304 1898.

151 4335 214 4391 *Ε
234 4337 338 4392 Usener
359 4337 558 4391 Gotteraumcu
576 4353 601 4404 p.
621 4337 718 4404 227sq.
