3120 4920
280 317 343 382 108
411 282 414 289 ’
753 315 888 384 Georgius
906 315 994 383 eppo

280 492 354 552 erat
383 487 512 553 Lucina
524 489 546 553 ¹.
603 487 668 553 Sed
697 486 839 552 sortasse
876 486 1077 569 temporibus
1106 487 1360 571 posterioribus,
1389 507 1463 554 cum

278 590 407 656 Lucina
440 591 499 656 illa
533 592 595 655 dea
628 609 700 655 curn
729 591 855 655 Iunone
893 596 1094 670 aequaretur
1127 609 1166 656 ao
1200 589 1464 673 coniungeretur,

278 693 403 759 factum
420 699 479 775 est,
493 698 531 760 ut
547 693 674 759 Lucina
689 712 753 761 vox
768 692 887 759 Iunoni
902 693 1103 775 cognominis
1126 694 1196 760 loco
1212 693 1463 760 attribueretur.

366 815 498 880 Terent.
521 815 662 895 Adelph.
684 816 765 880 486:

435 934 518 999 Iuno
541 934 670 1001 Lucina
691 933 743 1000 fer
765 935 874 1015 opem!
897 953 996 1000 serva
1017 953 1068 999 me
1091 935 1235 1000 obsecre.

365 1069 413 1137 cf.
428 1072 561 1136 Terent.
576 1073 678 1137 Andr.
693 1073 773 1153 473;
796 1071 907 1138 Cicero
931 1074 971 1138 de
994 1077 1060 1138 nat.
1083 1075 1168 1138 deor.
1188 1073 1225 1137 11
1246 1073 1303 1152 683
1326 1071 1461 1138 Seruius

279 1175 322 1239 ad
353 1173 487 1240 Aeneid.
517 1175 534 1239 I
564 1177 601 1256 8;
632 1175 753 1240 Arnob.
784 1177 858 1241 adv.
889 1181 958 1240 nat.
987 1175 1120 1256 111103
1150 1179 1325 1256 praeterea
1346 1173 1462 1239 titulos

280 1295 389 1342 sacros
420 1277 492 1341 CIL
515 1276 563 1342 VI
585 1278 679 1358 3694,
702 1278 786 1344 3696
816 1283 877 1343 cet.
908 1283 942 1343 et
964 1278 1268 1359 Kiepert-Huelsen
1298 1279 1360 1342 ll
1384 1295 1409 1343 s
1431 1296 1462 1346 u.

279 1379 449 1461 'l’emplum
470 1379 606 1445 Iunonis
629 1380 776 1446 Lucinae
800 1399 828 1462 p.
853 1382 904 1446 81.

365 1500 478 1581 Neque
507 1506 573 1583 est,
603 1519 662 1565 cur
691 1506 938 1582 praetereamus
968 1501 1103 1566 Iunonis
1133 1519 1309 1583 cognomen
1335 1498 1462 1583 Oooellu,

279 1622 344 1684 qua
365 1622 445 1669 voce
463 1603 645 1685 nuncupari
660 1604 787 1669 solebat
802 1605 883 1669 Iuno
898 1604 1100 1686 singulorum
1116 1604 1275 1668 mensium
1290 1602 1462 1668 Kalendis.

280 1705 390 1786 Atque
412 1704 579 1771 indicatur
594 1706 654 1772 hoc
676 1707 775 1771 verbo
790 1707 872 1772 Iuno
888 1726 937 1786 ea,
960 1725 1052 1789 quae,
1075 1725 1148 1772 cum
1171 1706 1255 1771 caeli
1275 1705 1347 1772 sive
1360 1707 1461 1771 lunae

278 1808 323 1873 sit
339 1810 401 1873 dea
413 1807 433 1890 ²,
448 1810 491 1873 ad
506 1809 653 1891 singulos
665 1827 792 1874 menses
811 1810 1078 1892 circumagendos
1094 1809 1292 1890 permultum
1305 1807 1462 1875 conterat

366 1931 396 1976 n.
418 1911 475 1976 33:
498 1911 562 1974 dies
585 1919 611 1975 tc
632 1914 767 1995 quinque
791 1912 868 1995 lale,
889 1912 973 1975 Iuno
995 1911 1123 1978 Corellio.

366 2030 436 2096 Iam
452 2033 646 2096 accedamus
662 2034 705 2096 ad
720 2033 843 2096 Larum
859 2051 1036 2114 cognomen
1058 2032 1158 2114 violes,
1181 2051 1244 2113 quo
1260 2033 1462 2096 denotantur

279 2135 391 2219 Lares,
415 2136 542 2216 qulbus,
564 2155 637 2200 cum
659 2135 710 2200 illi
726 2136 854 2202 viarum
870 2135 1075 2216 susceperint
1097 2135 1289 2212 custodiam,
1312 2134 1461 2200 viatores

278 2255 314 2303 se
337 2240 476 2303 tuendos
499 2238 703 2304 committere
725 2241 839 2304 solent.

365 2359 474 2423 Plaut.
497 2359 596 2422 Mero.
620 2358 699 2425 865:

1101 2479 1216 2528 unroco

432 2564 499 2630 Vos
521 2564 626 2629 Lares
649 2564 754 2631 viales
777 2570 815 2630 ut
838 2584 888 2630 me
911 2565 994 2630 bene
1017 2564 1150 2630 iuvetis,

365 2701 481 2766 Mediae
504 2702 693 2784 cognomine
721 2708 896 2784 precantes
919 2702 1104 2784 Apollinem
1136 2701 1355 2767 admonebant
1386 2718 1460 2766 con·

279 2824 389 2871 suesse
413 2808 508 2870 deum
530 2805 654 2871 mederi
677 2807 832 2887 aegrotis.
876 2807 1019 2872 Macrob.
1042 2806 1111 2871 Sat.
1131 2805 1214 2885 117,
1231 2805 1286 2870 15:
1314 2803 1463 2883 Virgines

284 2908 418 2972 Vestales
443 2911 489 2972 llo
514 2908 724 2992 lrodlpltabunt
760 2909 871 2990 Apollo
900 2909 1040 2992 Medica,
1070 2908 1183 2992 Apollo
1211 2907 1330 2971 Paean.
1389 2905 1461 2989 Quo

242 3035 249 3049 ·
279 3010 399 3076 medici
432 3012 579 3092 epitheto
610 3012 726 3092 Apollo
753 3012 788 3078 in
818 3031 856 3078 eu
884 3012 1013 3093 temple,
1045 3013 1138 3094 quod,
1168 3030 1239 3076 cum
1273 3011 1353 3075 deus
1383 3008 1462 3074 olim

278 3113 491 3196 pestilentiae
513 3133 613 3181 causa
639 3135 659 3180 a
681 3115 836 3181 Romanis
859 3135 900 3180 ex
923 3116 1049 3182 Graeco
1073 3115 1164 3180 cultu
1187 3114 1400 3195 reciperetur,
1429 3112 1461 3177 ei

278 3217 489 3283 dedicatum⁸
518 3222 579 3300 est,
608 3236 737 3300 semper
767 3219 1027 3299 nuncupabatur.
1078 3217 1150 3300 Qua
1176 3219 1217 3282 de
1246 3234 1346 3282 causa
1372 3214 1461 3280 inter

279 3320 373 3385 firma
398 3325 560 3386 certorum
584 3323 716 3386 deorum
739 3320 932 3402 cognomina
955 3322 1055 3386 etiam
1071 3322 1132 3386 hoc
1146 3318 1241 3401 posui
1257 3318 1461 3384 vocabulum.

365 3441 551 3523 Cognomen
573 3441 685 3504 Budua
701 3441 869 3507 Fortunae
893 3440 1090 3506 attributum
1114 3444 1166 3505 est
1188 3458 1274 3504 anno
1297 3458 1325 3504 a.
1341 3439 1415 3503 Chr.
1429 3456 1461 3502 n.

278 3543 531 3625 undevicesimo,
554 3549 728 3624 propterea
751 3547 837 3625 quod
860 3545 1046 3626 Augustum
1069 3562 1110 3609 ex
1133 3543 1259 3609 oriente
1275 3541 1461 3606 incolumen

278 3646 465 3712 reduxisset
483 3646 661 3728 (Wissowa
676 3647 697 3712 l.
711 3647 731 3711 l.
747 3667 777 3727 p.
793 3647 878 3730 212).
922 3648 1033 3727 Atque
1048 3651 1164 3728 postea
1179 3646 1213 3710 in
1230 3644 1372 3726 publicis
1387 3662 1460 3725 pre·

279 3749 465 3814 sationibus
495 3750 641 3830 saepiuS,
672 3755 710 3814 ut
739 3749 881 3814 reditum
911 3750 1166 3832 imperatoribus
1195 3750 1291 3814 daret
1322 3747 1461 3822 felicem,

278 3851 414 3918 videtur
437 3870 507 3917 esse
530 3851 697 3918 invocata.

364 4058 373 4088 ¹
393 4057 433 4111 cf.
451 4058 483 4111 G.
503 4058 637 4112 Wissowa
655 4058 714 4112 Rcl.
733 4076 757 4111 u.
776 4058 857 4112 Koll.
875 4058 900 4112 cl.
919 4058 999 4114 Rom.
1017 4075 1043 4126 p.
1063 4057 1120 4112 114.

365 4143 376 4174 ⁹
394 4144 426 4198 G.
445 4144 579 4198 Wissowa
598 4144 656 4198 Rcl.
675 4161 702 4198 a.
721 4144 800 4200 Kolt.
819 4144 844 4200 cl.
863 4143 943 4200 Rom.
962 4162 987 4213 p.
1007 4144 1065 4198 116.

366 4229 376 4261 ³
394 4230 426 4284 (l.
444 4230 578 4284 Wissowa
596 4229 682 4300 Rcllp.
701 4247 729 4284 u.
745 4230 824 4286 Kull.
843 4230 867 4284 cl.
881 4230 960 4284 Rom
979 4247 1004 4297 p.
1017 4229 1075 4299 240,
1096 4230 1129 4286 cf.
1147 4229 1208 4284 Liv.
1226 4229 1275 4284 XL
1293 4228 1340 4282 51:
1359 4226 1461 4281 Aedem

277 4315 418 4386 Apollinis
436 4314 542 4370 medici.
