3120 4920
516 297 558 350 Do
576 296 757 351 Romanorum
778 298 976 367 precationibus
1291 302 1338 368 83

156 470 302 550 txooarv,
333 464 415 530 ἀλλὰ
437 460 611 552 ἐλεύθεροι,
627 465 732 548 μόνοι.
784 469 942 534 Fortasse
974 470 1038 535 huc
1058 470 1234 537 Inserenda
1257 475 1340 537 sunt

157 571 242 638 haec
263 574 432 653 poetarum
456 571 605 652 exempla
616 572 635 636 ².

245 673 369 756 Vergil.
392 674 473 739 Aen.
496 674 544 738 VI
568 675 645 740 258:

312 779 516 843 adventante
540 779 601 842 dea
625 779 758 860 „procul
779 796 797 843 o
820 777 933 859 procul
954 783 1025 844 este
1047 779 1197 860 profani“

314 881 496 946 conclamat
515 867 620 963 vates,
645 884 800 962 „totoque
824 881 949 947 abstite
970 882 1073 947 luco“.

245 982 337 1050 Ouid.
362 989 437 1048 met.
459 983 527 1048 VII
549 983 627 1050 255:

313 1086 401 1152 Hinc
415 1087 526 1168 procul
541 1087 748 1170 Aesonidem
763 1087 876 1168 procul
891 1087 967 1153 hinc
980 1087 1075 1153 iubet
1096 1087 1145 1154 ire
1167 1088 1341 1155 ministros

312 1189 360 1254 Et
381 1194 490 1255 monet
511 1191 640 1255 armnis
660 1190 769 1256 oculos
791 1209 960 1257 removere
982 1190 1144 1272 profanos.

246 1292 398 1375 Calpurn.
420 1293 531 1359 Bucol.
554 1294 589 1358 Π
612 1294 722 1374 aisa:

816 1398 877 1462 sub
900 1398 1018 1463 arbore
1040 1416 1160 1462 numen

313 1500 388 1565 Hac
410 1499 489 1580 erit3
512 1499 559 1565 ite
581 1501 695 1580 procul
717 1499 824 1584 (sacer
846 1506 898 1566 cst
918 1500 1022 1584 locus)
1045 1500 1093 1566 ite
1114 1499 1250 1582 profani.

245 1637 427 1702 Praeterea
441 1641 601 1702 autemut
616 1637 680 1702 rite
692 1636 913 1718 conficeretur,
930 1639 1013 1718 quod
1026 1638 1179 1720 precibus
1195 1641 1342 1721 optatur,

158 1740 381 1806 necessarium
397 1747 470 1806 crat
482 1759 606 1822 curare,
621 1740 736 1821 nequis
751 1740 993 1821 praeteriretur
1007 1760 1091 1807 meuc
1106 1741 1343 1822 neglegeretur

158 1845 301 1926 deorum,
324 1843 442 1924 quibus
465 1851 554 1910 esset
570 1844 771 1909 adorationis
788 1845 860 1910 siva
875 1844 1093 1910 invocationis
1115 1845 1166 1909 ius
1182 1843 1341 1910 divinum.

159 1946 265 2030 Quam
288 1947 328 2012 ob
351 1965 482 2012 causam
505 1947 673 2013 veteribus
696 1948 851 2012 Romanis
873 1947 937 2012 tuit
958 1951 1178 2030 praeceptum,
1201 1953 1239 2012 ut
1261 1940 1341 2012 ado'·

159 2056 274 2115 rantes
296 2049 328 2114 in
353 2069 416 2115 nno
438 2069 564 2130 quoque
586 2069 680 2116 sacro
710 2056 784 2131 post
807 2050 955 2132 singulas
977 2051 1178 2132 propriorum
1204 2051 1340 2115 deorum

159 2153 385 2218 invocationes
407 2153 507 2218 etiam
529 2154 673 2234 reliquos
696 2158 979 2234 comprecarentur
990 2153 1011 2218 ².
1055 2153 1146 2219 Serv.
1162 2153 1203 2218 ad
1219 2152 1341 2234 Georg.

160 2256 178 2321 I
200 2257 258 2321 21:
286 2254 390 2339 Dique
410 2257 541 2340 deaeque
562 2255 676 2342 ornnes]
694 2264 763 2339 post
784 2257 945 2339 specialem
974 2258 1194 2320 invocationem
1224 2256 1344 2319 transit

159 2359 204 2423 acl
223 2360 463 2442 peneralitatem,
486 2380 523 2422 ne
539 2359 620 2443 qnod
639 2380 752 2422 numen
770 2364 953 2443 praetereat,
968 2379 1051 2422 rnare
1072 2356 1260 2442 pontificum,
1280 2377 1342 2438 per

126 2479 130 2485 ·
161 2481 237 2547 qaas
258 2465 325 2526 ritu
346 2464 438 2526 veteri
467 2464 502 2525 in
525 2463 665 2526 omnibns
686 2464 787 2526 sacris
815 2468 881 2545 post
908 2463 1054 2543 speciales
1081 2462 1162 2544 cleos,
1193 2482 1267 2545 quos
1295 2460 1342 2524 aa·

155 2568 264 2650 ipsum
279 2586 411 2648 sacram,
434 2563 628 2649 precipiebat,
651 2586 767 2629 necesse
788 2573 854 2629 erat
868 2567 1014 2647 invocari,
1028 2565 1212 2646 peneraliter
1233 2566 1337 2627 emnia

160 2672 296 2733 numina
310 2670 539 2734 invocabantur.
562 2670 652 2735 Serv.
669 2671 711 2734 ad
726 2670 808 2734 Aen.
824 2669 907 2734 VIII
923 2670 1000 2735 103:
1016 2667 1344 2749 Amplvitlvrponiadae

161 2793 273 2854 nrapnc
295 2773 432 2856 divisque
445 2773 572 2854 ferebat]
602 2775 677 2836 satis
697 2775 795 2852 perite
814 2774 880 2835 ait:
913 2771 1070 2856 „divisque
1083 2771 1242 2852 ferebat“;
1264 2790 1338 2834 nam

161 2878 259 2940 cnivis
281 2875 335 2939 cleo
357 2874 595 2958 sacrificaretur,
625 2895 739 2939 necesse
768 2881 834 2939 erat
861 2883 929 2957 post
953 2877 1057 2959 ipsum
1087 2877 1178 2938 etiam
1207 2874 1344 2958 reliquos·

160 2981 307 3044 invocari.
351 2979 487 3044 Servius
509 2981 552 3045 ad
575 2979 693 3061 Georg.
716 2979 809 3044 110:
842 2978 888 3042 Et
909 2999 962 3043 vos
984 2985 1142 3062 aprestnm
1163 2978 1344 3061 praesentia

161 3084 296 3146 numina
317 3080 437 3167 Fanni]
462 3082 532 3145 bene
552 3082 588 3145 cle
609 3082 738 3145 (liversis
757 3083 897 3146 dicturas
910 3082 1032 3145 diversa
1054 3084 1175 3145 invocat
1196 3082 1344 3145 numina.

160 3185 216 3248 trac
230 3187 311 3248 enim
328 3187 361 3248 in
377 3186 476 3248 sacris
487 3183 559 3265 fieri
574 3185 693 3268 solebat,
710 3192 743 3247 nt
753 3191 822 3266 post
836 3174 980 3267 specialia
995 3185 1037 3247 acl
1052 3205 1119 3247 eam
1131 3204 1205 3266 rem,
1219 3183 1258 3246 cle
1276 3203 1339 3266 qna

159 3287 321 3373 apellatur,
337 3290 476 3351 invocata
488 3290 620 3351 numina
635 3308 740 3351 omnes
750 3287 798 3351 dii
808 3289 853 3352 vel
867 3288 939 3352 deae
954 3288 1100 3369 confusae
1114 3288 1344 3350 invocarentur.

248 3390 341 3473 Quae
363 3410 434 3456 cum
457 3391 506 3456 ita
536 3391 612 3473 sint,
640 3411 759 3456 morem
789 3409 868 3458 vere
890 3391 1071 3456 Romanum
1098 3393 1282 3453 statuemus
1303 3385 1339 3452 in

161 3492 215 3559 his
239 3494 404 3575 exemplis,
451 3493 489 3558 N.
511 3495 567 3559 16:
594 3494 684 3557 Anuli
711 3493 853 3577 Iuppiter
881 3501 908 3556 et
930 3499 963 3556 tn
985 3491 1064 3555 Iane
1087 3491 1218 3570 Quirine
1246 3489 1345 3573 dique

161 3616 267 3660 omnes
298 3597 439 3660 caelestes
471 3616 582 3680 vosqrre
614 3603 771 3661 terrestres
802 3616 910 3680 vosque
942 3595 1064 3675 inferni
1095 3593 1208 3659 audite.
1266 3591 1342 3659 Liv.

160 3700 349 3766 XXXVHI
371 3701 422 3783 51,
444 3700 480 3764 9:
513 3699 582 3781 Epo
610 3700 682 3763 ltine
711 3690 857 3780 extemplo
888 3701 920 3762 in
952 3697 1138 3779 Capitolium
1167 3695 1210 3759 acl
1238 3694 1343 3759 Iovem

250 3871 260 3902 ¹
278 3870 405 3925 Fortasse
423 3869 495 3923 dico:
514 3886 577 3923 nam
590 3871 656 3924 haec
671 3885 705 3924 ex
717 3869 818 3924 Graeco
833 3885 939 3936 quoque
957 3872 1047 3923 tracta
1065 3883 1123 3922 esse
1141 3869 1262 3934 possunt.
1298 3864 1342 3919 cf.

161 3957 293 4011 Graecam
317 3971 410 4012 vocem
434 3954 523 4024 θύρας
546 3953 570 4005 δ’
582 3955 721 4006 ἐπίθεσθε
743 3951 863 4022 βέβηλοι,
886 3955 955 4009 Abel
979 3954 1060 4021 Orph.
1079 3954 1112 4008 fr.
1131 3953 1161 4020 4;
1185 3949 1245 4004 ἑκὰς
1268 3949 1342 4004 ὅστις

158 4039 276 4111 ἀλιτρός,
295 4042 360 4097 Call
379 4043 472 4109 hymn.
490 4042 577 4110 Apoll.
596 4042 620 4095 2.

248 4127 260 4159 ⁹
278 4127 311 4182 R.
329 4128 452 4182 Wilnsoh
469 4128 543 4196 apud
560 4129 591 4182 Ε.
604 4128 711 4182 Norden
723 4129 757 4181 ad
770 4129 851 4196 Verg.
870 4128 937 4183 Aen.
950 4127 991 4181 VI
1003 4126 1036 4180 64
1048 4141 1073 4192 p.
1086 4124 1152 4192 4613
1170 4124 1203 4178 R.
1217 4122 1344 4177 W'unsch

158 4214 223 4272 Eia
239 4212 402 4283 Danlrcpfer
419 4230 457 4268 an
474 4213 623 4284 Asklepios,
642 4213 722 4268 Arca.
740 4213 834 4282 filici.
852 4213 932 4268 sta.
946 4212 1000 4269 VII
1017 4229 1043 4279 p.
1056 4209 1115 4280 100,
1128 4211 1175 4265 ubi
1193 4213 1220 4264 et
1238 4209 1342 4263 Graeca.

61 4381 65 4388 .
158 4301 287 4369 exempla
304 4302 394 4357 habes.

1153 4382 1185 4435 6*
