3120 4920
397 360 398 363 ’
485 356 526 410 De
543 357 725 411 Romanorum
743 356 943 423 precationibus
1259 359 1303 425 99

208 529 389 594 Precautes
426 527 533 610 magis
570 527 679 594 ethice
709 527 867 593 videntur
896 528 1053 612 sensisse,
1087 529 1144 594 ubi
1177 531 1304 596 addunt

124 629 282 714 epitheta,
306 629 423 711 quibus
446 630 507 713 dei,
530 649 601 696 cum
624 630 769 711 ipsorum
784 630 974 712 benignitas
997 631 1215 714 praedicetur,
1234 643 1303 697 mo·

122 738 274 815 veantur,
296 737 335 798 ut
350 733 499 799 volentes
516 751 554 798 ao
569 732 705 814 propitii
720 733 924 814 precantium
940 733 1065 814 optatis
1080 737 1303 815 respondeant

124 835 342 917 precibusque
364 835 569 918 indulgeant.

209 938 353 1023 Quorum
375 938 515 1020 primum
544 945 595 1004 est
618 939 788 1019 epitheton
813 938 917 1022 bonos,
946 958 1008 1019 quo
1031 940 1190 1006 vocabulo
1214 942 1303 1024 deus,

123 1058 195 1107 cum
218 1044 434 1107 admoneatur
463 1044 505 1107 de
527 1047 607 1107 nota
628 1041 791 1122 solitaque
813 1041 918 1122 ipsius
947 1042 1098 1108 bonitate
1127 1047 1162 1107 et
1190 1042 1303 1126 benig-

123 1143 238 1226 nitate,
260 1146 451 1227 adducatur,
475 1149 513 1210 ut
534 1145 740 1225 precantium
763 1145 931 1210 voluntati
953 1145 1160 1225 obsequatur.

208 1247 291 1311 Boni
318 1254 495 1313 vocantur:
532 1248 645 1313 Venus
676 1248 798 1331 (Plaut.
828 1248 911 1312 Rud.
941 1248 1034 1329 305);
1072 1248 1154 1313 Iuno
1192 1248 1302 1331 (Verg.

123 1349 205 1416 Aen.
226 1351 244 1416 I
267 1352 344 1432 734,
368 1350 487 1431 Script.
508 1350 595 1416 Hist.
618 1351 702 1432 Aug.
725 1350 784 1416 vit.
808 1353 927 1416 Antou.
949 1350 1047 1416 Diad.
1074 1369 1100 1416 c.
1124 1353 1171 1434 7),
1201 1351 1304 1416 Liber

123 1451 231 1536 (ovid.
253 1453 355 1519 Trist.
377 1454 451 1537 V3,
473 1454 544 1538 35);
564 1454 716 1535 Iuppiter
738 1453 840 1537 (Pers,
863 1453 932 1518 Sat.
955 1454 990 1518 ΙΙ
1013 1455 1070 1535 22,
1093 1453 1178 1519 Stat.
1202 1454 1304 1520 Theb.

123 1555 208 1621 VIII
232 1558 309 1638 122;
331 1556 463 1622 Anthol.
486 1556 598 1622 Latin.
620 1557 655 1620 II
671 1558 743 1640 874,
760 1555 807 1640 1);
831 1557 948 1638 Apollo
971 1556 1178 1641 (Ephemeris
1200 1557 1303 1639 epigr.

123 1657 206 1723 VIII
227 1678 258 1739 p.
278 1659 363 1743 284).
410 1657 528 1739 Optimo*
553 1659 723 1725 dicuntur:
754 1660 835 1724 Iuno
858 1659 1000 1742 (Ennius
1023 1660 1131 1724 annal.
1161 1660 1219 1725 lib.
1240 1659 1304 1725 inc.

122 1759 162 1825 fr.
185 1761 228 1826 29
251 1761 380 1827 Vahlen
392 1761 432 1843 2),
466 1763 571 1827 Terra
594 1763 730 1846 (Vergil.
760 1763 842 1827 Aen.
872 1762 941 1826 XII
972 1763 1050 1843 776,
1084 1762 1169 1828 stat.
1200 1763 1302 1828 Theb.

123 1863 207 1928 VIII
229 1865 321 1949 320),
352 1865 503 1946 Iuppiter
525 1864 631 1949 (Ovid.
654 1870 729 1930 met.
760 1865 824 1930 VII
846 1866 924 1945 627,
955 1865 1073 1946 Script.
1103 1865 1190 1930 Hist.
1218 1865 1303 1947 Aug.

123 1966 181 2032 vit.
203 1967 334 2032 Maxim.
365 1969 455 2032 duor.
485 1989 511 2032 c.
533 1969 601 2052 26),
636 1969 807 2050 Augustus
838 1967 944 2049 (Ovid.
968 1968 1068 2033 Trist.
1097 1968 1152 2032 ΙΙΙ
1183 1970 1211 2049 1,
1232 1968 1303 2050 45),

124 2069 248 2136 Genius
278 2070 384 2154 (Ovid.
407 2071 506 2136 Trist.
529 2071 558 2135 V
581 2072 610 2153 5,
634 2071 703 2155 13),
737 2070 899 2136 Saturnus
922 2070 1082 2155 (Martial.
1107 2070 1210 2153 epigr.
1232 2070 1303 2135 XII

124 2173 243 2256 62,-t);
268 2174 384 2254 Apollo
406 2174 503 2258 (Stat.
526 2175 627 2239 Theb.
650 2174 667 2238 Ι
690 2173 774 2258 051).

208 2277 283 2341 Huc
304 2277 512 2342 referendum
536 2283 588 2343 est
607 2280 692 2341 mtto'c
713 2296 840 2358 quoque
864 2277 1043 2359 epitheton,
1066 2276 1119 2342 cui
1142 2278 1302 2343 vocabulo

123 2379 214 2444 nulla
236 2380 303 2444 alia
325 2381 475 2446 subiecta
498 2388 549 2446 est
571 2380 661 2446 notio
683 2388 784 2460 atque
815 2380 962 2461 epitheto
985 2379 1059 2442 boae
1085 2382 1218 2445 deorum
1248 2380 1303 2444 be·

122 2481 320 2564 nignitatem
356 2483 591 2565 lenitatemque
621 2483 834 2564 significanti.
887 2485 985 2547 mitta:
1019 2483 1137 2563 Apollo
1167 2482 1300 2566 (Tibull.

123 2585 298 2669 115,79);
321 2586 476 2652 Castores
500 2587 605 2669 (ovid.
629 2587 769 2652 Tristi
794 2587 843 2667 10,
866 2587 936 2671 46),
959 2585 1032 2650 Pax
1056 2583 1162 2668 (Ovid.
1183 2584 1301 2650 fastl

124 2689 213 2773 712),
243 2689 345 2755 Liber
374 2689 481 2772 (Ovid.
512 2688 589 2755 fast.
619 2690 673 2754 ΠΙ
701 2690 788 2773 789),
818 2690 930 2754 Diana
961 2687 1102 2771 (Statius
1125 2689 1227 2753 Theb.
1248 2688 1301 2752 IX

123 2792 208 2875 033).
252 2793 448 2858 attissimus:
476 2793 608 2858 'PhemIs
631 2792 738 2877 (Ovid.
760 2797 835 2858 met.
858 2792 990 2876 1380),
1013 2791 1147 2856 numina
1175 2791 1301 2856 minora

124 2893 229 2978 (Ouid.
252 2913 294 2960 ex
316 2896 421 2961 Ponto
444 2896 480 2960 ΙΙ
504 2897 533 2978 8,
555 2896 619 2980 81).

208 2998 322 3079 Neque
346 3000 388 3065 ab
411 2999 508 3065 huius
523 2999 655 3081 generis
678 2999 835 3080 epithetis
856 2998 966 3063 aliena
989 3017 1062 3063 esse
1077 3001 1190 3079 putem
1205 3015 1302 3064 voca-

124 3101 202 3166 bula
224 3101 301 3165 bois
325 3108 359 3167 et
380 3102 498 3182 facitis.

208 3203 318 3269 Lenia
354 3205 493 3286 Ilithyia
522 3206 649 3288 (Horat.
680 3224 776 3270 carm.
809 3223 894 3269 saec.
927 3204 997 3288 14);
1027 3203 1129 3268 Liber
1166 3200 1303 3286 (Incerti

123 3306 213 3372 Laus
236 3307 351 3373 Liberi
374 3309 467 3373 PLhI
489 3308 543 3373 III
565 3328 595 3389 p.
618 3309 704 3392 304).

207 3409 341 3475 Facilis:
373 3412 501 3476 Lucina
524 3411 630 3495 (Ovid.
653 3412 731 3477 fast.
755 3411 791 3475 ΙΙ
814 3410 905 3492 451),
929 3409 963 3474 di
992 3407 1099 3487 (Ovid.
1125 3424 1223 3472 amor.
1246 3405 1299 3470 ΠΙ

125 3514 174 3596 14,
195 3513 266 3596 43),
288 3515 368 3579 deae
392 3514 538 3597 (Anthol.
562 3514 674 3579 Latin.
697 3515 714 3578 I
735 3516 806 3594 877,
830 3512 872 3596 3).

208 3616 337 3699 Restat,
359 3625 397 3682 ut
418 3618 478 3682 hoc
500 3619 569 3682 loco
593 3635 837 3682 commemorem
861 3615 1030 3696 epitheton
1054 3614 1143 3694 alme,
1166 3631 1228 3692 quo
1251 3611 1300 3677 in·

122 3726 262 3785 vocatur
290 3722 422 3786 deorum
452 3720 671 3786 beneficentia
701 3719 966 3800 benignitasque.
1019 3715 1137 3782 Tradit
1167 3713 1302 3780 Servius

122 3825 165 3888 ad
196 3824 277 3888 Aen.
304 3824 337 3888 X
367 3826 446 3890 252:
475 3825 571 3887 Almo
596 3844 711 3904 pareas
732 3821 831 3885 Idaeo
861 3819 962 3905 deum]
994 3820 1078 3882 olma
1102 3819 1231 3901 proprie
1259 3821 1303 3879 eat

119 3927 213 3990 tellus
241 3926 280 3989 ab
309 3948 341 3990 ec
371 3927 466 4019 qood,
483 3947 539 3990 ooo
568 3927 641 4002 alut,
671 3927 794 3989 abactae
821 3927 912 3988 ettam
934 3925 1009 3987 olida
1038 3921 1219 3986 nominibus
1247 3919 1302 3982 boe

110 4029 269 4112 ..umalama
291 4030 393 4095 dator.
437 4031 477 4095 In
500 4029 657 4110 exemplis
691 4029 875 4109 afferendis,
905 4046 988 4107 quae
1019 4032 1098 4091 sunt
1127 4023 1300 4105 permulta,

118 4133 242 4200 iterum
265 4133 350 4198 solos
373 4152 427 4198 eos
450 4134 536 4198 locos
560 4133 615 4197 ubi
633 4133 789 4214 leguntur
803 4133 935 4196 deorum
957 4129 1088 4194 nomina
1110 4125 1302 4208 respiciam:

207 4237 320 4303 Venus
343 4236 465 4320 (Plaut.
487 4237 568 4301 Rud.
592 4236 670 4315 694,
701 4235 834 4299 Lucret.
859 4235 898 4298 de
925 4230 1175 4310 rer.nat.12;
1206 4228 1300 4294 Ovid.

116 4340 197 4407 fast.
212 4339 261 4405 IV
278 4341 313 4420 l;
333 4339 466 4404 Anthol.
487 4339 598 4404 Latin.
614 4339 631 4403 I
647 4340 697 4421 17,
713 4340 748 4419 6,
765 4337 782 4401 I
798 4337 869 4420 720,
885 4338 922 4416 4,
945 4337 1066 4400 Auson.
1083 4333 1168 4487 X7IX
1184 4335 1212 4415 2,
1227 4331 1297 4414 53);
