3120 4920
264 366 329 434 100
735 363 869 432 Georgius
886 363 975 431 Appel

263 538 364 604 Ceres
387 537 497 621 (Verg.
522 537 641 618 Georg.
664 536 682 600 Ι
704 535 753 619 ’1);
785 534 905 618 Cybele
928 534 1065 619 (Vergil.
1085 534 1168 600 Aen.
1190 534 1223 599 X
1246 535 1327 616 252;
1349 533 1445 600 ovio.

264 641 340 706 fast
372 640 420 705 IV
442 639 534 723 319);
565 639 673 704 Diana
707 639 818 720 (Verg.
848 641 930 704 Aen.
951 638 1004 703 XI
1025 640 1117 719 557);
1147 637 1202 704 Sol
1223 640 1255 702 h.
1278 657 1305 703 e.
1327 637 1444 718 Apollo

263 743 393 827 (Horat.
408 761 504 807 carm.
521 761 604 807 saec.
617 743 662 823 9),
684 742 756 806 Nox
771 741 895 825 (Seneo.
907 742 992 806 Med.
1008 741 1087 822 8763
1103 740 1188 806 Stat.
1204 741 1306 806 Theb.
1322 740 1339 805 I
1353 740 1445 824 503);

265 847 370 911 Terra
407 845 505 928 (Stat.
534 845 635 910 Theb.
666 840 751 909 VIII
780 844 873 927 313);
915 843 1057 925 Priapus
1091 844 1237 928 (Anthol.
1266 843 1378 908 Latin.
1410 843 1446 907 II

266 949 360 1030 1504,
376 948 447 1031 31);
470 947 620 1013 Oceanus
642 947 777 1031 (Incert.
799 948 840 1012 ad
862 947 1042 1014 Oceanus.
1059 948 1100 1011 14
1122 947 1216 1012 PLM
1231 947 1286 1011 III
1307 966 1336 1028 p.
1353 945 1445 1028 165);

266 1053 381 1116 Annus
412 1051 544 1133 (Auson.
578 1050 632 1115 HI
658 1051 729 1132 6,7
759 1049 907 1134 Peiper);
945 1049 1032 1114 Fons
1069 1050 1202 1130 quidam
1232 1049 1366 1131 (Auson.
1394 1048 1447 1113 XI

264 1154 317 1236 20,
341 1155 358 1218 1
383 1153 524 1236 Peiper).

353 1254 501 1338 Cognitis
525 1255 572 1320 eis
602 1254 768 1338 epithetis
792 1254 910 1334 quibus
939 1256 1070 1320 deorum
1095 1255 1283 1336 appellatur
1313 1273 1352 1318 ao
1374 1272 1446 1334 pro-

264 1365 404 1424 vocatur
426 1357 616 1440 benignitas
639 1356 845 1439 bonitasque,
868 1376 955 1422 nunc
970 1357 1140 1424 veniamus
1161 1358 1203 1422 ad
1226 1375 1267 1422 ea
1289 1356 1448 1438 epitheta,

264 1480 351 1542 quae
374 1467 529 1541 spectant
551 1462 592 1525 ad
609 1462 740 1525 deorum
756 1464 957 1541 potestatem
972 1458 1221 1540 auxiliandique
1243 1458 1447 1525 facultatem.

265 1562 367 1629 onius
397 1563 485 1628 modi
514 1563 683 1628 vocabulis
714 1568 903 1645 precantes,
934 1581 1006 1628 cum
1036 1564 1113 1628 deos
1144 1563 1183 1628 de
1216 1561 1359 1644 ipsorum
1391 1563 1447 1626 ad-

266 1671 422 1730 moneant
451 1665 601 1746 potentia
613 1665 634 1746 ¹,
663 1684 864 1746 praecavere
894 1667 1038 1747 student,
1067 1683 1109 1730 ne
1138 1666 1218 1730 dens
1240 1665 1448 1745 praetendat,

267 1787 332 1834 non
356 1787 428 1834 esse
451 1768 486 1832 in
510 1773 674 1849 potestate
697 1787 759 1835 sua
781 1768 879 1832 situm
900 1772 1017 1849 optata
1039 1769 1180 1848 explere.
1225 1767 1298 1851 Qua
1319 1767 1449 1832 ratione

266 1870 399 1936 dicendi
429 1870 480 1936 nsi
509 1876 684 1952 precantes
714 1889 785 1936 sese
809 1873 887 1936 deos
918 1872 1081 1936 adducere
1110 1888 1206 1951 posse
1234 1869 1449 1952 arbitrantur,

268 1980 306 2040 nt
329 1980 399 2038 tum
422 1993 548 2054 quoque
571 1975 747 2039 ostendant
768 1974 949 2054 potentiam
972 1992 1075 2057 suam,
1098 1976 1173 2039 dum
1196 1972 1347 2056 precibus
1369 1980 1450 2038 tunc

266 2077 390 2142 oblatis
413 2075 632 2141 satisfaciant

355 2178 500 2244 Primum
523 2178 628 2261 igitur
651 2181 844 2244 accedamus
866 2181 910 2244 ad
932 2179 1101 2260 epitheton
1124 2199 1242 2267 mopac,
1268 2180 1354 2260 qnod
1375 2197 1451 2259 per·

265 2282 358 2347 tinet
381 2283 424 2347 ad
447 2284 579 2347 deorum
602 2281 669 2348 vim
692 2301 731 2347 ac
751 2282 942 2364 potentiam.
972 2275 975 2293 '
1170 2275 1173 2281 ’

354 2385 427 2449 Η55
448 2404 559 2468 mopne
581 2385 727 2465 epitheto
748 2385 784 2450 in
806 2383 1050 2466 precationibus
1079 2383 1226 2466 praediti
1248 2389 1338 2450 sunt:
1368 2385 1452 2450 Iuno

270 2487 366 2568 (Eun.
390 2488 475 2552 Ann.
504 2487 560 2554 lib.
585 2487 648 2553 inc.
678 2487 717 2552 fr.
748 2489 790 2552 29
814 2487 943 2552 Vahlen
956 2487 995 2572 2);
1024 2486 1176 2568 Iuppiter
1198 2487 1343 2572 (Terent.
1367 2488 1455 2554 Eun.

271 2590 350 2671 7093
373 2589 447 2656 Liv.
476 2590 561 2656 VIII
583 2592 612 2673 6,
635 2592 671 2671 4;
702 2589 795 2656 Ovid.
818 2595 892 2655 met.
916 2590 1081 2672 V116173
1115 2589 1174 2656 Sil.
1201 2591 1278 2656 Ital.
1299 2591 1382 2656 Pun.
1404 2590 1454 2656 VI

270 2694 352 2774 4163
375 2693 465 2758 Pers
488 2693 558 2760 Sat.
582 2695 635 2759 III
658 2693 728 2779 35);
750 2694 862 2758 Diana
885 2693 1016 2776 (Catull.
1039 2695 1089 2769 34,
1112 2694 1148 2776 6;
1177 2693 1290 2760 Senes.
1311 2693 1454 2760 Phaedr.

271 2797 362 2878 409);
394 2795 516 2878 Cybele
548 2795 681 2878 (Catull.
712 2797 763 2877 63,
793 2797 863 2880 91);
902 2796 1000 2861 Pales
1031 2797 1142 2880 (Verg.
1172 2796 1290 2879 Georg.
1319 2796 1374 2861 III
1406 2798 1454 2881 1);

271 2898 363 2963 Mars
386 2899 627 2981 (thonitrua,
645 2900 692 2984 1);
715 2899 839 2965 Genius
854 2898 987 2984 (Tibull.
1002 2898 1051 2964 IV
1065 2899 1094 2982 5,
1110 2898 1158 2983 9);
1182 2900 1310 2965 Natura
1328 2898 1455 2982 (Senec.

272 3002 414 3066 Phaedr.
436 3002 528 3085 959);
552 3001 587 3066 di
602 3002 725 3083 (Senes.
748 3003 788 3067 de
803 3001 910 3068 benef.
926 3002 956 3067 V
973 3003 1021 3085 16,
1043 3002 1091 3087 3);
1115 3002 1276 3068 Saturnus
1295 3000 1457 3086 (Martial

273 3104 376 3186 epigr.
391 3103 460 3168 XII
476 3105 526 3186 62,
543 3105 583 3189 1),
606 3105 730 3170 Cacsar
752 3104 935 3188 (Claudiam
951 3107 992 3171 de
1012 3110 1117 3186 quart.
1134 3124 1218 3171 cons.
1234 3105 1354 3170 Honor.
1369 3104 1457 3186 Aug.

271 3225 347 3289 pan.
376 3207 468 3291 429);
492 3207 648 3274 Silvanus
672 3208 817 3289 (Anthol.
839 3208 915 3274 Lat.
937 3208 973 3273 II
995 3209 1067 3292 250,
1091 3209 1131 3292 1).
1183 3207 1320 3272 Maximi
1341 3206 1457 3288 appel·

272 3311 398 3377 lentur:
415 3309 537 3376 Caesar
553 3310 659 3394 (Ovid.
672 3311 773 3376 Trist.
784 3311 839 3376 III
852 3314 879 3394 1,
891 3310 940 3396 2);
956 3311 1054 3376 Pluto
1070 3309 1167 3393 (Stat.
1182 3311 1284 3376 Theb.
1294 3309 1380 3374 VIII
1392 3311 1459 3392 91).

358 3413 445 3478 Huic
467 3433 579 3497 meque
602 3413 751 3495 epitheto
769 3413 854 3479 satis
877 3432 948 3480 esse
963 3413 1180 3495 propinquum
1203 3413 1337 3479 videtur
1358 3431 1456 3478 voca·

273 3515 385 3582 bulum
401 3520 519 3597 potens,
550 3535 613 3595 quo
641 3516 847 3598 significatur
871 3517 924 3580 dei
945 3516 1096 3597 potentia
1127 3515 1376 3596 auxiliandique
1406 3513 1457 3580 fa-

272 3617 390 3682 cultas
422 3619 478 3682 Ita
494 3624 668 3684 vocantur:
687 3619 843 3686 Silvanus
859 3618 972 3702 (Anth.
987 3617 1098 3684 Latin.
1113 3619 1149 3684 II
1164 3619 1236 3698 250,
1251 3617 1299 3703 1);
1314 3618 1459 3700 Priapus

275 3721 421 3803 (Anthol.
444 3721 519 3786 Lat.
542 3721 577 3785 II
601 3721 692 3803 1504,
715 3722 786 3806 33),
810 3721 878 3786 divi
901 3721 1031 3802 quidam
1054 3721 1225 3805 (Incertor.
1246 3739 1330 3787 vers.
1352 3720 1393 3786 fr.
1414 3722 1459 3788 33

275 3822 364 3888 FPR
386 3843 415 3904 p.
438 3824 523 3908 391).

361 3926 435 3990 Huc
450 3927 594 4007 pertinet
608 3927 734 4008 pulcher
748 3946 875 4008 quoque
892 3926 1070 4009 epitheton,
1086 3945 1148 4008 quo
1164 3925 1331 4010 vocabulo,
1347 3944 1421 3992 cum
1439 3946 1461 3992 a

270 4027 387 4111 pollere
409 4031 509 4096 verbo
533 4031 579 4096 sit
601 4031 817 4096 derivandum
830 4032 850 4113 2,
880 4029 956 4096 olim
979 4049 1042 4096 non
1065 4032 1198 4096 deorum
1220 4034 1377 4097 venustas
1400 4032 1462 4096 sed

275 4136 425 4212 potestas
448 4134 641 4215 praedicata
663 4133 766 4198 inisse
789 4134 930 4199 videtur.

365 4270 374 4300 ¹
393 4271 433 4323 01.
451 4270 483 4324 Ε.
502 4270 611 4325 Norden
635 4272 670 4324 ud
688 4272 770 4339 Verg.
790 4272 857 4326 Aen.
876 4271 915 4326 VI
935 4271 983 4324 117
1006 4289 1032 4340 p.
1050 4271 1101 4324 492
1120 4269 1275 4340 (Wtinschii
1299 4268 1463 4340 adnotatio).

363 4355 374 4387 ²
394 4355 434 4410 Cf.
452 4356 485 4410 A.
503 4355 643 4425 Kiessling
660 4357 696 4409 ed
713 4356 809 4411 Horat.
828 4374 908 4412 carm.
927 4357 967 4412 IV
984 4357 1009 4427 4,
1027 4357 1061 4411 65
1079 4362 1109 4412 et
1125 4355 1204 4425 epist.
1222 4355 1294 4425 116,
1312 4355 1355 4412 60.
